2020-01-01 open Assets:A
2020-01-01 open Expenses:B
2020-01-02 ! "pending"
  Expenses:B  1.00 USD
  Assets:A   -1.00 USD
2020-01-03 P "padding flag"
  Expenses:B  1.00 USD
  Assets:A   -1.00 USD
2020-01-04 S "summarize flag"
  Expenses:B  1.00 USD
  Assets:A   -1.00 USD
2020-01-05 & "ampersand"
  Expenses:B  1.00 USD
  Assets:A   -1.00 USD
2020-01-06 ? "question"
  Expenses:B  1.00 USD
  Assets:A   -1.00 USD
2020-01-07 % "percent"
  Expenses:B  1.00 USD
  Assets:A   -1.00 USD
