;; -*- mode: org; mode: beancount; -*-
;; Birth: 1980-05-12
;; Dates: 2021-01-01 - 2023-08-01
;; THIS FILE HAS BEEN AUTO-GENERATED.
* Options

option "title" "Example Beancount file"
option "operating_currency" "USD"




* Commodities


1792-01-01 commodity USD
  export: "CASH"
  name: "US Dollar"

1900-01-01 commodity VMMXX
  export: "MUTF:VMMXX (MONEY:USD)"

1980-05-12 commodity VACHR
  export: "IGNORE"
  name: "Employer Vacation Hours"

1980-05-12 commodity IRAUSD
  export: "IGNORE"
  name: "US 401k and IRA Contributions"

1995-09-18 commodity VBMPX
  export: "MUTF:VBMPX"
  name: "Vanguard Total Bond Market Index Fund Institutional Plus Shares"
  price: "USD:google/MUTF:VBMPX"

2004-01-20 commodity ITOT
  export: "NYSEARCA:ITOT"
  name: "iShares Core S&P Total U.S. Stock Market ETF"
  price: "USD:google/NYSEARCA:ITOT"

2004-01-26 commodity VHT
  export: "NYSEARCA:VHT"
  name: "Vanguard Health Care ETF"
  price: "USD:google/NYSEARCA:VHT"

2004-11-01 commodity GLD
  export: "NYSEARCA:GLD"
  name: "SPDR Gold Trust (ETF)"
  price: "USD:google/NYSEARCA:GLD"

2007-07-20 commodity VEA
  export: "NYSEARCA:VEA"
  name: "Vanguard FTSE Developed Markets ETF"
  price: "USD:google/NYSEARCA:VEA"

2009-05-01 commodity RGAGX
  export: "MUTF:RGAGX"
  name: "American Funds The Growth Fund of America Class R-6"
  price: "USD:google/MUTF:RGAGX"



* Equity Accounts

1980-05-12 open Equity:Opening-Balances
1980-05-12 open Liabilities:AccountsPayable



* Banking

2021-01-01 open Assets:US:BofA
  address: "123 America Street, LargeTown, USA"
  institution: "Bank of America"
  phone: "+1.012.345.6789"
2021-01-01 open Assets:US:BofA:Checking                        USD
  account: "00234-48574897"

2021-01-01 * "Opening Balance for checking account"
  Assets:US:BofA:Checking                         3793.56 USD
  Equity:Opening-Balances                        -3793.56 USD

2021-01-02 balance Assets:US:BofA:Checking        3793.56 USD

2021-01-04 * "BANK FEES" "Monthly bank fee"
  Assets:US:BofA:Checking                           -4.00 USD
  Expenses:Financial:Fees                            4.00 USD

2021-01-04 * "RiverBank Properties" "Paying the rent"
  Assets:US:BofA:Checking                        -2400.00 USD
  Expenses:Home:Rent                              2400.00 USD

2021-01-09 * "EDISON POWER" ""
  Assets:US:BofA:Checking                          -65.00 USD
  Expenses:Home:Electricity                         65.00 USD

2021-01-18 * "Verizon Wireless" ""
  Assets:US:BofA:Checking                          -55.21 USD
  Expenses:Home:Phone                               55.21 USD

2021-01-21 * "Wine-Tarner Cable" ""
  Assets:US:BofA:Checking                          -80.08 USD
  Expenses:Home:Internet                            80.08 USD

2021-01-30 balance Assets:US:BofA:Checking        3825.98 USD

2021-02-04 * "BANK FEES" "Monthly bank fee"
  Assets:US:BofA:Checking                           -4.00 USD
  Expenses:Financial:Fees                            4.00 USD

2021-02-06 * "RiverBank Properties" "Paying the rent"
  Assets:US:BofA:Checking                        -2400.00 USD
  Expenses:Home:Rent                              2400.00 USD

2021-02-08 * "EDISON POWER" ""
  Assets:US:BofA:Checking                          -65.00 USD
  Expenses:Home:Electricity                         65.00 USD

2021-02-18 * "Verizon Wireless" ""
  Assets:US:BofA:Checking                          -57.55 USD
  Expenses:Home:Phone                               57.55 USD

2021-02-22 * "Wine-Tarner Cable" ""
  Assets:US:BofA:Checking                          -79.78 USD
  Expenses:Home:Internet                            79.78 USD

2021-02-23 balance Assets:US:BofA:Checking        3175.27 USD

2021-03-04 * "BANK FEES" "Monthly bank fee"
  Assets:US:BofA:Checking                           -4.00 USD
  Expenses:Financial:Fees                            4.00 USD

2021-03-04 * "RiverBank Properties" "Paying the rent"
  Assets:US:BofA:Checking                        -2400.00 USD
  Expenses:Home:Rent                              2400.00 USD

2021-03-09 * "EDISON POWER" ""
  Assets:US:BofA:Checking                          -65.00 USD
  Expenses:Home:Electricity                         65.00 USD

2021-03-16 balance Assets:US:BofA:Checking        1530.38 USD

2021-03-20 * "Verizon Wireless" ""
  Assets:US:BofA:Checking                          -62.62 USD
  Expenses:Home:Phone                               62.62 USD

2021-03-21 * "Wine-Tarner Cable" ""
  Assets:US:BofA:Checking                          -79.95 USD
  Expenses:Home:Internet                            79.95 USD

2021-04-04 * "BANK FEES" "Monthly bank fee"
  Assets:US:BofA:Checking                           -4.00 USD
  Expenses:Financial:Fees                            4.00 USD

2021-04-05 * "RiverBank Properties" "Paying the rent"
  Assets:US:BofA:Checking                        -2400.00 USD
  Expenses:Home:Rent                              2400.00 USD

2021-04-09 balance Assets:US:BofA:Checking        1197.58 USD

2021-04-09 * "EDISON POWER" ""
  Assets:US:BofA:Checking                          -65.00 USD
  Expenses:Home:Electricity                         65.00 USD

2021-04-18 * "Verizon Wireless" ""
  Assets:US:BofA:Checking                          -57.23 USD
  Expenses:Home:Phone                               57.23 USD

2021-04-22 * "Wine-Tarner Cable" ""
  Assets:US:BofA:Checking                          -80.13 USD
  Expenses:Home:Internet                            80.13 USD

2021-05-04 * "BANK FEES" "Monthly bank fee"
  Assets:US:BofA:Checking                           -4.00 USD
  Expenses:Financial:Fees                            4.00 USD

2021-05-06 * "RiverBank Properties" "Paying the rent"
  Assets:US:BofA:Checking                        -2400.00 USD
  Expenses:Home:Rent                              2400.00 USD

2021-05-08 balance Assets:US:BofA:Checking        1292.42 USD

2021-05-08 * "EDISON POWER" ""
  Assets:US:BofA:Checking                          -65.00 USD
  Expenses:Home:Electricity                         65.00 USD

2021-05-20 * "Verizon Wireless" ""
  Assets:US:BofA:Checking                          -69.88 USD
  Expenses:Home:Phone                               69.88 USD

2021-05-21 * "Wine-Tarner Cable" ""
  Assets:US:BofA:Checking                          -80.09 USD
  Expenses:Home:Internet                            80.09 USD

2021-06-01 balance Assets:US:BofA:Checking        3116.32 USD

2021-06-03 * "RiverBank Properties" "Paying the rent"
  Assets:US:BofA:Checking                        -2400.00 USD
  Expenses:Home:Rent                              2400.00 USD

2021-06-04 * "BANK FEES" "Monthly bank fee"
  Assets:US:BofA:Checking                           -4.00 USD
  Expenses:Financial:Fees                            4.00 USD

2021-06-08 * "EDISON POWER" ""
  Assets:US:BofA:Checking                          -65.00 USD
  Expenses:Home:Electricity                         65.00 USD

2021-06-20 * "Verizon Wireless" ""
  Assets:US:BofA:Checking                          -55.34 USD
  Expenses:Home:Phone                               55.34 USD

2021-06-22 * "Wine-Tarner Cable" ""
  Assets:US:BofA:Checking                          -80.06 USD
  Expenses:Home:Internet                            80.06 USD

2021-06-27 balance Assets:US:BofA:Checking        2555.66 USD

2021-07-04 * "BANK FEES" "Monthly bank fee"
  Assets:US:BofA:Checking                           -4.00 USD
  Expenses:Financial:Fees                            4.00 USD

2021-07-05 * "RiverBank Properties" "Paying the rent"
  Assets:US:BofA:Checking                        -2400.00 USD
  Expenses:Home:Rent                              2400.00 USD

2021-07-09 * "EDISON POWER" ""
  Assets:US:BofA:Checking                          -65.00 USD
  Expenses:Home:Electricity                         65.00 USD

2021-07-19 * "Verizon Wireless" ""
  Assets:US:BofA:Checking                          -59.53 USD
  Expenses:Home:Phone                               59.53 USD

2021-07-23 * "Wine-Tarner Cable" ""
  Assets:US:BofA:Checking                          -79.82 USD
  Expenses:Home:Internet                            79.82 USD

2021-07-27 balance Assets:US:BofA:Checking        2404.00 USD

2021-08-03 * "RiverBank Properties" "Paying the rent"
  Assets:US:BofA:Checking                        -2400.00 USD
  Expenses:Home:Rent                              2400.00 USD

2021-08-04 * "BANK FEES" "Monthly bank fee"
  Assets:US:BofA:Checking                           -4.00 USD
  Expenses:Financial:Fees                            4.00 USD

2021-08-08 * "EDISON POWER" ""
  Assets:US:BofA:Checking                          -65.00 USD
  Expenses:Home:Electricity                         65.00 USD

2021-08-17 balance Assets:US:BofA:Checking        1246.00 USD

2021-08-19 * "Verizon Wireless" ""
  Assets:US:BofA:Checking                          -59.67 USD
  Expenses:Home:Phone                               59.67 USD

2021-08-22 * "Wine-Tarner Cable" ""
  Assets:US:BofA:Checking                          -80.05 USD
  Expenses:Home:Internet                            80.05 USD

2021-09-03 * "RiverBank Properties" "Paying the rent"
  Assets:US:BofA:Checking                        -2400.00 USD
  Expenses:Home:Rent                              2400.00 USD

2021-09-04 * "BANK FEES" "Monthly bank fee"
  Assets:US:BofA:Checking                           -4.00 USD
  Expenses:Financial:Fees                            4.00 USD

2021-09-08 * "EDISON POWER" ""
  Assets:US:BofA:Checking                          -65.00 USD
  Expenses:Home:Electricity                         65.00 USD

2021-09-09 balance Assets:US:BofA:Checking        3738.48 USD

2021-09-17 * "Transfering accumulated savings to other account"
  Assets:US:BofA:Checking                           -4500 USD
  Assets:US:ETrade:Cash                              4500 USD

2021-09-18 * "Verizon Wireless" ""
  Assets:US:BofA:Checking                          -50.13 USD
  Expenses:Home:Phone                               50.13 USD

2021-09-23 * "Wine-Tarner Cable" ""
  Assets:US:BofA:Checking                          -80.16 USD
  Expenses:Home:Internet                            80.16 USD

2021-10-03 balance Assets:US:BofA:Checking        3430.56 USD

2021-10-03 * "RiverBank Properties" "Paying the rent"
  Assets:US:BofA:Checking                        -2400.00 USD
  Expenses:Home:Rent                              2400.00 USD

2021-10-04 * "BANK FEES" "Monthly bank fee"
  Assets:US:BofA:Checking                           -4.00 USD
  Expenses:Financial:Fees                            4.00 USD

2021-10-08 * "EDISON POWER" ""
  Assets:US:BofA:Checking                          -65.00 USD
  Expenses:Home:Electricity                         65.00 USD

2021-10-18 * "Verizon Wireless" ""
  Assets:US:BofA:Checking                          -60.86 USD
  Expenses:Home:Phone                               60.86 USD

2021-10-23 * "Wine-Tarner Cable" ""
  Assets:US:BofA:Checking                          -80.05 USD
  Expenses:Home:Internet                            80.05 USD

2021-10-27 balance Assets:US:BofA:Checking        2807.90 USD

2021-11-04 * "BANK FEES" "Monthly bank fee"
  Assets:US:BofA:Checking                           -4.00 USD
  Expenses:Financial:Fees                            4.00 USD

2021-11-05 * "RiverBank Properties" "Paying the rent"
  Assets:US:BofA:Checking                        -2400.00 USD
  Expenses:Home:Rent                              2400.00 USD

2021-11-09 * "EDISON POWER" ""
  Assets:US:BofA:Checking                          -65.00 USD
  Expenses:Home:Electricity                         65.00 USD

2021-11-12 * "Transfering accumulated savings to other account"
  Assets:US:BofA:Checking                           -3000 USD
  Assets:US:ETrade:Cash                              3000 USD

2021-11-18 balance Assets:US:BofA:Checking        1898.55 USD

2021-11-19 * "Verizon Wireless" ""
  Assets:US:BofA:Checking                          -62.74 USD
  Expenses:Home:Phone                               62.74 USD

2021-11-22 * "Wine-Tarner Cable" ""
  Assets:US:BofA:Checking                          -79.89 USD
  Expenses:Home:Internet                            79.89 USD

2021-12-03 * "RiverBank Properties" "Paying the rent"
  Assets:US:BofA:Checking                        -2400.00 USD
  Expenses:Home:Rent                              2400.00 USD

2021-12-04 * "BANK FEES" "Monthly bank fee"
  Assets:US:BofA:Checking                           -4.00 USD
  Expenses:Financial:Fees                            4.00 USD

2021-12-08 * "EDISON POWER" ""
  Assets:US:BofA:Checking                          -65.00 USD
  Expenses:Home:Electricity                         65.00 USD

2021-12-14 balance Assets:US:BofA:Checking        3816.85 USD

2021-12-20 * "Verizon Wireless" ""
  Assets:US:BofA:Checking                          -77.49 USD
  Expenses:Home:Phone                               77.49 USD

2021-12-23 * "Wine-Tarner Cable" ""
  Assets:US:BofA:Checking                          -79.89 USD
  Expenses:Home:Internet                            79.89 USD

2022-01-04 * "BANK FEES" "Monthly bank fee"
  Assets:US:BofA:Checking                           -4.00 USD
  Expenses:Financial:Fees                            4.00 USD

2022-01-05 * "RiverBank Properties" "Paying the rent"
  Assets:US:BofA:Checking                        -2400.00 USD
  Expenses:Home:Rent                              2400.00 USD

2022-01-07 balance Assets:US:BofA:Checking        5438.21 USD

2022-01-08 * "EDISON POWER" ""
  Assets:US:BofA:Checking                          -65.00 USD
  Expenses:Home:Electricity                         65.00 USD

2022-01-19 * "Verizon Wireless" ""
  Assets:US:BofA:Checking                          -61.92 USD
  Expenses:Home:Phone                               61.92 USD

2022-01-22 * "Wine-Tarner Cable" ""
  Assets:US:BofA:Checking                          -80.07 USD
  Expenses:Home:Internet                            80.07 USD

2022-02-01 balance Assets:US:BofA:Checking        5827.93 USD

2022-02-04 * "BANK FEES" "Monthly bank fee"
  Assets:US:BofA:Checking                           -4.00 USD
  Expenses:Financial:Fees                            4.00 USD

2022-02-06 * "RiverBank Properties" "Paying the rent"
  Assets:US:BofA:Checking                        -2400.00 USD
  Expenses:Home:Rent                              2400.00 USD

2022-02-08 * "EDISON POWER" ""
  Assets:US:BofA:Checking                          -65.00 USD
  Expenses:Home:Electricity                         65.00 USD

2022-02-20 * "Verizon Wireless" ""
  Assets:US:BofA:Checking                          -66.12 USD
  Expenses:Home:Phone                               66.12 USD

2022-02-21 * "Wine-Tarner Cable" ""
  Assets:US:BofA:Checking                          -79.96 USD
  Expenses:Home:Internet                            79.96 USD

2022-03-02 balance Assets:US:BofA:Checking        5099.85 USD

2022-03-04 * "BANK FEES" "Monthly bank fee"
  Assets:US:BofA:Checking                           -4.00 USD
  Expenses:Financial:Fees                            4.00 USD

2022-03-06 * "RiverBank Properties" "Paying the rent"
  Assets:US:BofA:Checking                        -2400.00 USD
  Expenses:Home:Rent                              2400.00 USD

2022-03-09 * "EDISON POWER" ""
  Assets:US:BofA:Checking                          -65.00 USD
  Expenses:Home:Electricity                         65.00 USD

2022-03-18 * "Verizon Wireless" ""
  Assets:US:BofA:Checking                          -73.09 USD
  Expenses:Home:Phone                               73.09 USD

2022-03-23 * "Wine-Tarner Cable" ""
  Assets:US:BofA:Checking                          -79.98 USD
  Expenses:Home:Internet                            79.98 USD

2022-03-29 balance Assets:US:BofA:Checking        3768.26 USD

2022-04-04 * "BANK FEES" "Monthly bank fee"
  Assets:US:BofA:Checking                           -4.00 USD
  Expenses:Financial:Fees                            4.00 USD

2022-04-04 * "RiverBank Properties" "Paying the rent"
  Assets:US:BofA:Checking                        -2400.00 USD
  Expenses:Home:Rent                              2400.00 USD

2022-04-08 * "EDISON POWER" ""
  Assets:US:BofA:Checking                          -65.00 USD
  Expenses:Home:Electricity                         65.00 USD

2022-04-19 balance Assets:US:BofA:Checking        3205.16 USD

2022-04-20 * "Verizon Wireless" ""
  Assets:US:BofA:Checking                          -65.42 USD
  Expenses:Home:Phone                               65.42 USD

2022-04-21 * "Wine-Tarner Cable" ""
  Assets:US:BofA:Checking                          -80.07 USD
  Expenses:Home:Internet                            80.07 USD

2022-05-04 * "BANK FEES" "Monthly bank fee"
  Assets:US:BofA:Checking                           -4.00 USD
  Expenses:Financial:Fees                            4.00 USD

2022-05-06 * "RiverBank Properties" "Paying the rent"
  Assets:US:BofA:Checking                        -2400.00 USD
  Expenses:Home:Rent                              2400.00 USD

2022-05-08 * "EDISON POWER" ""
  Assets:US:BofA:Checking                          -65.00 USD
  Expenses:Home:Electricity                         65.00 USD

2022-05-12 balance Assets:US:BofA:Checking         993.87 USD

2022-05-20 * "Verizon Wireless" ""
  Assets:US:BofA:Checking                          -54.57 USD
  Expenses:Home:Phone                               54.57 USD

2022-05-21 * "Wine-Tarner Cable" ""
  Assets:US:BofA:Checking                          -79.95 USD
  Expenses:Home:Internet                            79.95 USD

2022-06-03 balance Assets:US:BofA:Checking        3560.55 USD

2022-06-04 * "BANK FEES" "Monthly bank fee"
  Assets:US:BofA:Checking                           -4.00 USD
  Expenses:Financial:Fees                            4.00 USD

2022-06-04 * "RiverBank Properties" "Paying the rent"
  Assets:US:BofA:Checking                        -2400.00 USD
  Expenses:Home:Rent                              2400.00 USD

2022-06-08 * "EDISON POWER" ""
  Assets:US:BofA:Checking                          -65.00 USD
  Expenses:Home:Electricity                         65.00 USD

2022-06-18 * "Verizon Wireless" ""
  Assets:US:BofA:Checking                          -67.49 USD
  Expenses:Home:Phone                               67.49 USD

2022-06-21 * "Wine-Tarner Cable" ""
  Assets:US:BofA:Checking                          -80.17 USD
  Expenses:Home:Internet                            80.17 USD

2022-06-24 balance Assets:US:BofA:Checking        3346.48 USD

2022-07-04 * "BANK FEES" "Monthly bank fee"
  Assets:US:BofA:Checking                           -4.00 USD
  Expenses:Financial:Fees                            4.00 USD

2022-07-04 * "RiverBank Properties" "Paying the rent"
  Assets:US:BofA:Checking                        -2400.00 USD
  Expenses:Home:Rent                              2400.00 USD

2022-07-08 * "EDISON POWER" ""
  Assets:US:BofA:Checking                          -65.00 USD
  Expenses:Home:Electricity                         65.00 USD

2022-07-15 balance Assets:US:BofA:Checking        1626.91 USD

2022-07-19 * "Verizon Wireless" ""
  Assets:US:BofA:Checking                          -63.17 USD
  Expenses:Home:Phone                               63.17 USD

2022-07-21 * "Wine-Tarner Cable" ""
  Assets:US:BofA:Checking                          -80.00 USD
  Expenses:Home:Internet                            80.00 USD

2022-08-03 * "RiverBank Properties" "Paying the rent"
  Assets:US:BofA:Checking                        -2400.00 USD
  Expenses:Home:Rent                              2400.00 USD

2022-08-04 * "BANK FEES" "Monthly bank fee"
  Assets:US:BofA:Checking                           -4.00 USD
  Expenses:Financial:Fees                            4.00 USD

2022-08-08 * "EDISON POWER" ""
  Assets:US:BofA:Checking                          -65.00 USD
  Expenses:Home:Electricity                         65.00 USD

2022-08-14 balance Assets:US:BofA:Checking        1616.11 USD

2022-08-19 * "Transfering accumulated savings to other account"
  Assets:US:BofA:Checking                           -3000 USD
  Assets:US:ETrade:Cash                              3000 USD

2022-08-20 * "Verizon Wireless" ""
  Assets:US:BofA:Checking                          -52.04 USD
  Expenses:Home:Phone                               52.04 USD

2022-08-23 * "Wine-Tarner Cable" ""
  Assets:US:BofA:Checking                          -79.79 USD
  Expenses:Home:Internet                            79.79 USD

2022-09-03 * "RiverBank Properties" "Paying the rent"
  Assets:US:BofA:Checking                        -2400.00 USD
  Expenses:Home:Rent                              2400.00 USD

2022-09-04 * "BANK FEES" "Monthly bank fee"
  Assets:US:BofA:Checking                           -4.00 USD
  Expenses:Financial:Fees                            4.00 USD

2022-09-06 balance Assets:US:BofA:Checking        1181.48 USD

2022-09-09 * "EDISON POWER" ""
  Assets:US:BofA:Checking                          -65.00 USD
  Expenses:Home:Electricity                         65.00 USD

2022-09-18 * "Verizon Wireless" ""
  Assets:US:BofA:Checking                          -58.97 USD
  Expenses:Home:Phone                               58.97 USD

2022-09-22 * "Wine-Tarner Cable" ""
  Assets:US:BofA:Checking                          -79.96 USD
  Expenses:Home:Internet                            79.96 USD

2022-09-28 balance Assets:US:BofA:Checking        2785.45 USD

2022-10-04 * "BANK FEES" "Monthly bank fee"
  Assets:US:BofA:Checking                           -4.00 USD
  Expenses:Financial:Fees                            4.00 USD

2022-10-05 * "RiverBank Properties" "Paying the rent"
  Assets:US:BofA:Checking                        -2400.00 USD
  Expenses:Home:Rent                              2400.00 USD

2022-10-08 * "EDISON POWER" ""
  Assets:US:BofA:Checking                          -65.00 USD
  Expenses:Home:Electricity                         65.00 USD

2022-10-14 * "Transfering accumulated savings to other account"
  Assets:US:BofA:Checking                           -4500 USD
  Assets:US:ETrade:Cash                              4500 USD

2022-10-19 balance Assets:US:BofA:Checking         414.08 USD

2022-10-19 * "Verizon Wireless" ""
  Assets:US:BofA:Checking                          -66.22 USD
  Expenses:Home:Phone                               66.22 USD

2022-10-23 * "Wine-Tarner Cable" ""
  Assets:US:BofA:Checking                          -80.15 USD
  Expenses:Home:Internet                            80.15 USD

2022-11-04 * "BANK FEES" "Monthly bank fee"
  Assets:US:BofA:Checking                           -4.00 USD
  Expenses:Financial:Fees                            4.00 USD

2022-11-04 * "RiverBank Properties" "Paying the rent"
  Assets:US:BofA:Checking                        -2400.00 USD
  Expenses:Home:Rent                              2400.00 USD

2022-11-09 * "EDISON POWER" ""
  Assets:US:BofA:Checking                          -65.00 USD
  Expenses:Home:Electricity                         65.00 USD

2022-11-18 balance Assets:US:BofA:Checking        2161.30 USD

2022-11-18 * "Verizon Wireless" ""
  Assets:US:BofA:Checking                          -59.67 USD
  Expenses:Home:Phone                               59.67 USD

2022-11-23 * "Wine-Tarner Cable" ""
  Assets:US:BofA:Checking                          -79.86 USD
  Expenses:Home:Internet                            79.86 USD

2022-12-04 * "BANK FEES" "Monthly bank fee"
  Assets:US:BofA:Checking                           -4.00 USD
  Expenses:Financial:Fees                            4.00 USD

2022-12-04 * "RiverBank Properties" "Paying the rent"
  Assets:US:BofA:Checking                        -2400.00 USD
  Expenses:Home:Rent                              2400.00 USD

2022-12-09 * "EDISON POWER" ""
  Assets:US:BofA:Checking                          -65.00 USD
  Expenses:Home:Electricity                         65.00 USD

2022-12-18 balance Assets:US:BofA:Checking        4059.31 USD

2022-12-19 * "Verizon Wireless" ""
  Assets:US:BofA:Checking                          -59.45 USD
  Expenses:Home:Phone                               59.45 USD

2022-12-21 * "Wine-Tarner Cable" ""
  Assets:US:BofA:Checking                          -80.06 USD
  Expenses:Home:Internet                            80.06 USD

2023-01-03 * "RiverBank Properties" "Paying the rent"
  Assets:US:BofA:Checking                        -2400.00 USD
  Expenses:Home:Rent                              2400.00 USD

2023-01-04 * "BANK FEES" "Monthly bank fee"
  Assets:US:BofA:Checking                           -4.00 USD
  Expenses:Financial:Fees                            4.00 USD

2023-01-09 * "EDISON POWER" ""
  Assets:US:BofA:Checking                          -65.00 USD
  Expenses:Home:Electricity                         65.00 USD

2023-01-15 balance Assets:US:BofA:Checking        5028.81 USD

2023-01-20 * "Verizon Wireless" ""
  Assets:US:BofA:Checking                          -53.22 USD
  Expenses:Home:Phone                               53.22 USD

2023-01-23 * "Wine-Tarner Cable" ""
  Assets:US:BofA:Checking                          -79.98 USD
  Expenses:Home:Internet                            79.98 USD

2023-02-03 * "RiverBank Properties" "Paying the rent"
  Assets:US:BofA:Checking                        -2400.00 USD
  Expenses:Home:Rent                              2400.00 USD

2023-02-04 * "BANK FEES" "Monthly bank fee"
  Assets:US:BofA:Checking                           -4.00 USD
  Expenses:Financial:Fees                            4.00 USD

2023-02-08 * "EDISON POWER" ""
  Assets:US:BofA:Checking                          -65.00 USD
  Expenses:Home:Electricity                         65.00 USD

2023-02-10 balance Assets:US:BofA:Checking        4443.54 USD

2023-02-20 * "Verizon Wireless" ""
  Assets:US:BofA:Checking                          -64.09 USD
  Expenses:Home:Phone                               64.09 USD

2023-02-23 * "Wine-Tarner Cable" ""
  Assets:US:BofA:Checking                          -80.01 USD
  Expenses:Home:Internet                            80.01 USD

2023-03-04 * "BANK FEES" "Monthly bank fee"
  Assets:US:BofA:Checking                           -4.00 USD
  Expenses:Financial:Fees                            4.00 USD

2023-03-04 * "RiverBank Properties" "Paying the rent"
  Assets:US:BofA:Checking                        -2400.00 USD
  Expenses:Home:Rent                              2400.00 USD

2023-03-08 * "EDISON POWER" ""
  Assets:US:BofA:Checking                          -65.00 USD
  Expenses:Home:Electricity                         65.00 USD

2023-03-10 balance Assets:US:BofA:Checking        3870.04 USD

2023-03-19 * "Verizon Wireless" ""
  Assets:US:BofA:Checking                          -63.44 USD
  Expenses:Home:Phone                               63.44 USD

2023-03-21 * "Wine-Tarner Cable" ""
  Assets:US:BofA:Checking                          -79.82 USD
  Expenses:Home:Internet                            79.82 USD

2023-04-01 balance Assets:US:BofA:Checking        5729.51 USD

2023-04-03 * "RiverBank Properties" "Paying the rent"
  Assets:US:BofA:Checking                        -2400.00 USD
  Expenses:Home:Rent                              2400.00 USD

2023-04-04 * "BANK FEES" "Monthly bank fee"
  Assets:US:BofA:Checking                           -4.00 USD
  Expenses:Financial:Fees                            4.00 USD

2023-04-09 * "EDISON POWER" ""
  Assets:US:BofA:Checking                          -65.00 USD
  Expenses:Home:Electricity                         65.00 USD

2023-04-20 * "Verizon Wireless" ""
  Assets:US:BofA:Checking                          -62.18 USD
  Expenses:Home:Phone                               62.18 USD

2023-04-23 * "Wine-Tarner Cable" ""
  Assets:US:BofA:Checking                          -79.88 USD
  Expenses:Home:Internet                            79.88 USD

2023-04-30 balance Assets:US:BofA:Checking        5020.77 USD

2023-05-04 * "BANK FEES" "Monthly bank fee"
  Assets:US:BofA:Checking                           -4.00 USD
  Expenses:Financial:Fees                            4.00 USD

2023-05-06 * "RiverBank Properties" "Paying the rent"
  Assets:US:BofA:Checking                        -2400.00 USD
  Expenses:Home:Rent                              2400.00 USD

2023-05-08 * "EDISON POWER" ""
  Assets:US:BofA:Checking                          -65.00 USD
  Expenses:Home:Electricity                         65.00 USD

2023-05-19 * "Verizon Wireless" ""
  Assets:US:BofA:Checking                          -32.50 USD
  Expenses:Home:Phone                               32.50 USD

2023-05-23 * "Wine-Tarner Cable" ""
  Assets:US:BofA:Checking                          -80.16 USD
  Expenses:Home:Internet                            80.16 USD

2023-05-30 balance Assets:US:BofA:Checking        4379.87 USD

2023-06-04 * "BANK FEES" "Monthly bank fee"
  Assets:US:BofA:Checking                           -4.00 USD
  Expenses:Financial:Fees                            4.00 USD

2023-06-06 * "RiverBank Properties" "Paying the rent"
  Assets:US:BofA:Checking                        -2400.00 USD
  Expenses:Home:Rent                              2400.00 USD

2023-06-08 * "EDISON POWER" ""
  Assets:US:BofA:Checking                          -65.00 USD
  Expenses:Home:Electricity                         65.00 USD

2023-06-19 * "Verizon Wireless" ""
  Assets:US:BofA:Checking                          -69.08 USD
  Expenses:Home:Phone                               69.08 USD

2023-06-22 * "Wine-Tarner Cable" ""
  Assets:US:BofA:Checking                          -80.06 USD
  Expenses:Home:Internet                            80.06 USD

2023-06-23 balance Assets:US:BofA:Checking        3938.80 USD

2023-07-03 * "RiverBank Properties" "Paying the rent"
  Assets:US:BofA:Checking                        -2400.00 USD
  Expenses:Home:Rent                              2400.00 USD

2023-07-04 * "BANK FEES" "Monthly bank fee"
  Assets:US:BofA:Checking                           -4.00 USD
  Expenses:Financial:Fees                            4.00 USD

2023-07-09 * "EDISON POWER" ""
  Assets:US:BofA:Checking                          -65.00 USD
  Expenses:Home:Electricity                         65.00 USD

2023-07-15 balance Assets:US:BofA:Checking        2820.40 USD

2023-07-19 * "Verizon Wireless" ""
  Assets:US:BofA:Checking                          -45.03 USD
  Expenses:Home:Phone                               45.03 USD

2023-07-21 * "Wine-Tarner Cable" ""
  Assets:US:BofA:Checking                          -80.17 USD
  Expenses:Home:Internet                            80.17 USD

2023-07-21 * "Transfering accumulated savings to other account"
  Assets:US:BofA:Checking                           -3500 USD
  Assets:US:ETrade:Cash                              3500 USD



* Credit-Cards

1980-05-12 open Liabilities:US:Chase:Slate                      USD

2021-01-03 * "Goba Goba" "Eating out with Natasha"
  Liabilities:US:Chase:Slate                       -26.65 USD
  Expenses:Food:Restaurant                          26.65 USD

2021-01-08 * "China Garden" "Eating out "
  Liabilities:US:Chase:Slate                       -19.90 USD
  Expenses:Food:Restaurant                          19.90 USD

2021-01-09 * "Rose Flower" "Eating out with work buddies"
  Liabilities:US:Chase:Slate                       -17.94 USD
  Expenses:Food:Restaurant                          17.94 USD

2021-01-09 * "Chase:Slate" "Paying off credit card"
  Liabilities:US:Chase:Slate                        64.49 USD
  Assets:US:BofA:Checking                          -64.49 USD

2021-01-13 * "Rose Flower" "Eating out with Bill"
  Liabilities:US:Chase:Slate                       -28.26 USD
  Expenses:Food:Restaurant                          28.26 USD

2021-01-14 * "Good Moods Market" "Buying groceries"
  Liabilities:US:Chase:Slate                      -120.07 USD
  Expenses:Food:Groceries                          120.07 USD

2021-01-18 * "Rose Flower" "Eating out with Joe"
  Liabilities:US:Chase:Slate                       -22.75 USD
  Expenses:Food:Restaurant                          22.75 USD

2021-01-19 * "Rose Flower" "Eating out with work buddies"
  Liabilities:US:Chase:Slate                       -15.18 USD
  Expenses:Food:Restaurant                          15.18 USD

2021-01-24 * "Chichipotle" "Eating out with Natasha"
  Liabilities:US:Chase:Slate                       -58.20 USD
  Expenses:Food:Restaurant                          58.20 USD

2021-01-27 * "Onion Market" "Buying groceries"
  Liabilities:US:Chase:Slate                       -78.02 USD
  Expenses:Food:Groceries                           78.02 USD

2021-01-29 balance Liabilities:US:Chase:Slate     -322.48 USD

2021-01-29 * "China Garden" "Eating out with Julie"
  Liabilities:US:Chase:Slate                       -26.08 USD
  Expenses:Food:Restaurant                          26.08 USD

2021-02-01 * "Cafe Modagor" "Eating out after work"
  Liabilities:US:Chase:Slate                       -61.56 USD
  Expenses:Food:Restaurant                          61.56 USD

2021-02-03 * "Metro Transport Authority" "Tram tickets"
  Liabilities:US:Chase:Slate                      -120.00 USD
  Expenses:Transport:Tram                          120.00 USD

2021-02-04 * "Cafe Modagor" "Eating out with work buddies"
  Liabilities:US:Chase:Slate                       -52.82 USD
  Expenses:Food:Restaurant                          52.82 USD

2021-02-05 * "Cafe Modagor" "Eating out with Natasha"
  Liabilities:US:Chase:Slate                       -23.75 USD
  Expenses:Food:Restaurant                          23.75 USD

2021-02-08 * "China Garden" "Eating out after work"
  Liabilities:US:Chase:Slate                       -25.85 USD
  Expenses:Food:Restaurant                          25.85 USD

2021-02-09 * "Corner Deli" "Buying groceries"
  Liabilities:US:Chase:Slate                       -71.29 USD
  Expenses:Food:Groceries                           71.29 USD

2021-02-11 * "Chase:Slate" "Paying off credit card"
  Liabilities:US:Chase:Slate                       745.58 USD
  Assets:US:BofA:Checking                         -745.58 USD

2021-02-12 * "Chichipotle" "Eating out with work buddies"
  Liabilities:US:Chase:Slate                       -41.75 USD
  Expenses:Food:Restaurant                          41.75 USD

2021-02-16 * "Jewel of Morroco" "Eating out with work buddies"
  Liabilities:US:Chase:Slate                       -20.07 USD
  Expenses:Food:Restaurant                          20.07 USD

2021-02-18 * "Goba Goba" "Eating out with Joe"
  Liabilities:US:Chase:Slate                       -19.95 USD
  Expenses:Food:Restaurant                          19.95 USD

2021-02-22 * "Goba Goba" "Eating out "
  Liabilities:US:Chase:Slate                       -63.02 USD
  Expenses:Food:Restaurant                          63.02 USD

2021-02-23 balance Liabilities:US:Chase:Slate     -103.04 USD

2021-02-24 * "Onion Market" "Buying groceries"
  Liabilities:US:Chase:Slate                       -91.79 USD
  Expenses:Food:Groceries                           91.79 USD

2021-02-26 * "Goba Goba" "Eating out alone"
  Liabilities:US:Chase:Slate                       -20.78 USD
  Expenses:Food:Restaurant                          20.78 USD

2021-03-01 * "Chichipotle" "Eating out with Bill"
  Liabilities:US:Chase:Slate                       -32.58 USD
  Expenses:Food:Restaurant                          32.58 USD

2021-03-04 * "Rose Flower" "Eating out "
  Liabilities:US:Chase:Slate                       -42.46 USD
  Expenses:Food:Restaurant                          42.46 USD

2021-03-05 * "Metro Transport Authority" "Tram tickets"
  Liabilities:US:Chase:Slate                      -120.00 USD
  Expenses:Transport:Tram                          120.00 USD

2021-03-06 * "Corner Deli" "Buying groceries"
  Liabilities:US:Chase:Slate                       -82.80 USD
  Expenses:Food:Groceries                           82.80 USD

2021-03-07 * "Chase:Slate" "Paying off credit card"
  Liabilities:US:Chase:Slate                       526.49 USD
  Assets:US:BofA:Checking                         -526.49 USD

2021-03-09 * "Jewel of Morroco" "Eating out with Natasha"
  Liabilities:US:Chase:Slate                       -33.04 USD
  Expenses:Food:Restaurant                          33.04 USD

2021-03-12 * "China Garden" "Eating out with work buddies"
  Liabilities:US:Chase:Slate                       -34.53 USD
  Expenses:Food:Restaurant                          34.53 USD

2021-03-15 * "Goba Goba" "Eating out with Julie"
  Liabilities:US:Chase:Slate                       -26.29 USD
  Expenses:Food:Restaurant                          26.29 USD

2021-03-18 * "China Garden" "Eating out alone"
  Liabilities:US:Chase:Slate                       -18.81 USD
  Expenses:Food:Restaurant                          18.81 USD

2021-03-20 balance Liabilities:US:Chase:Slate      -79.63 USD

2021-03-20 * "Jewel of Morroco" "Eating out with Bill"
  Liabilities:US:Chase:Slate                       -41.44 USD
  Expenses:Food:Restaurant                          41.44 USD

2021-03-23 * "Jewel of Morroco" "Eating out with work buddies"
  Liabilities:US:Chase:Slate                       -39.89 USD
  Expenses:Food:Restaurant                          39.89 USD

2021-03-25 * "Good Moods Market" "Buying groceries"
  Liabilities:US:Chase:Slate                       -76.83 USD
  Expenses:Food:Groceries                           76.83 USD

2021-03-28 * "China Garden" "Eating out after work"
  Liabilities:US:Chase:Slate                       -26.65 USD
  Expenses:Food:Restaurant                          26.65 USD

2021-03-29 * "Rose Flower" "Eating out with Joe"
  Liabilities:US:Chase:Slate                       -43.78 USD
  Expenses:Food:Restaurant                          43.78 USD

2021-04-03 * "Kin Soy" "Eating out "
  Liabilities:US:Chase:Slate                       -15.52 USD
  Expenses:Food:Restaurant                          15.52 USD

2021-04-03 * "Metro Transport Authority" "Tram tickets"
  Liabilities:US:Chase:Slate                      -120.00 USD
  Expenses:Transport:Tram                          120.00 USD

2021-04-07 * "Chichipotle" "Eating out with Julie"
  Liabilities:US:Chase:Slate                       -43.69 USD
  Expenses:Food:Restaurant                          43.69 USD

2021-04-07 * "Chase:Slate" "Paying off credit card"
  Liabilities:US:Chase:Slate                       487.43 USD
  Assets:US:BofA:Checking                         -487.43 USD

2021-04-09 balance Liabilities:US:Chase:Slate           0 USD

2021-04-11 * "Rose Flower" "Eating out "
  Liabilities:US:Chase:Slate                       -21.39 USD
  Expenses:Food:Restaurant                          21.39 USD

2021-04-14 * "Chichipotle" "Eating out with Joe"
  Liabilities:US:Chase:Slate                       -26.85 USD
  Expenses:Food:Restaurant                          26.85 USD

2021-04-14 * "Onion Market" "Buying groceries"
  Liabilities:US:Chase:Slate                       -90.22 USD
  Expenses:Food:Groceries                           90.22 USD

2021-04-18 * "Goba Goba" "Eating out after work"
  Liabilities:US:Chase:Slate                       -38.96 USD
  Expenses:Food:Restaurant                          38.96 USD

2021-04-23 * "Rose Flower" "Eating out with Julie"
  Liabilities:US:Chase:Slate                       -18.47 USD
  Expenses:Food:Restaurant                          18.47 USD

2021-04-26 * "Corner Deli" "Buying groceries"
  Liabilities:US:Chase:Slate                      -123.12 USD
  Expenses:Food:Groceries                          123.12 USD

2021-04-28 * "China Garden" "Eating out with Julie"
  Liabilities:US:Chase:Slate                       -47.96 USD
  Expenses:Food:Restaurant                          47.96 USD

2021-04-30 * "Cafe Modagor" "Eating out with Bill"
  Liabilities:US:Chase:Slate                       -22.11 USD
  Expenses:Food:Restaurant                          22.11 USD

2021-05-02 balance Liabilities:US:Chase:Slate     -389.08 USD

2021-05-04 * "China Garden" "Eating out "
  Liabilities:US:Chase:Slate                       -16.15 USD
  Expenses:Food:Restaurant                          16.15 USD

2021-05-04 * "Metro Transport Authority" "Tram tickets"
  Liabilities:US:Chase:Slate                      -120.00 USD
  Expenses:Transport:Tram                          120.00 USD

2021-05-05 * "Rose Flower" "Eating out alone"
  Liabilities:US:Chase:Slate                       -20.41 USD
  Expenses:Food:Restaurant                          20.41 USD

2021-05-07 * "Good Moods Market" "Buying groceries"
  Liabilities:US:Chase:Slate                       -83.51 USD
  Expenses:Food:Groceries                           83.51 USD

2021-05-08 * "Chase:Slate" "Paying off credit card"
  Liabilities:US:Chase:Slate                       662.33 USD
  Assets:US:BofA:Checking                         -662.33 USD

2021-05-10 * "Cafe Modagor" "Eating out with Natasha"
  Liabilities:US:Chase:Slate                       -33.18 USD
  Expenses:Food:Restaurant                          33.18 USD

2021-05-13 * "China Garden" "Eating out with work buddies"
  Liabilities:US:Chase:Slate                       -41.59 USD
  Expenses:Food:Restaurant                          41.59 USD

2021-05-15 * "China Garden" "Eating out after work"
  Liabilities:US:Chase:Slate                       -23.74 USD
  Expenses:Food:Restaurant                          23.74 USD

2021-05-18 * "Uncle Boons" "Eating out with Julie"
  Liabilities:US:Chase:Slate                       -33.80 USD
  Expenses:Food:Restaurant                          33.80 USD

2021-05-20 * "China Garden" "Eating out with work buddies"
  Liabilities:US:Chase:Slate                       -23.93 USD
  Expenses:Food:Restaurant                          23.93 USD

2021-05-24 * "Rose Flower" "Eating out with work buddies"
  Liabilities:US:Chase:Slate                       -26.14 USD
  Expenses:Food:Restaurant                          26.14 USD

2021-05-26 balance Liabilities:US:Chase:Slate     -149.20 USD

2021-05-26 * "Corner Deli" "Buying groceries"
  Liabilities:US:Chase:Slate                       -64.56 USD
  Expenses:Food:Groceries                           64.56 USD

2021-05-28 * "Uncle Boons" "Eating out with work buddies"
  Liabilities:US:Chase:Slate                       -27.05 USD
  Expenses:Food:Restaurant                          27.05 USD

2021-05-29 * "Jewel of Morroco" "Eating out "
  Liabilities:US:Chase:Slate                       -55.58 USD
  Expenses:Food:Restaurant                          55.58 USD

2021-06-01 * "Goba Goba" "Eating out with Joe"
  Liabilities:US:Chase:Slate                       -41.91 USD
  Expenses:Food:Restaurant                          41.91 USD

2021-06-03 * "China Garden" "Eating out with Natasha"
  Liabilities:US:Chase:Slate                       -14.22 USD
  Expenses:Food:Restaurant                          14.22 USD

2021-06-04 * "Metro Transport Authority" "Tram tickets"
  Liabilities:US:Chase:Slate                      -120.00 USD
  Expenses:Transport:Tram                          120.00 USD

2021-06-05 * "Cafe Modagor" "Eating out with Bill"
  Liabilities:US:Chase:Slate                       -27.62 USD
  Expenses:Food:Restaurant                          27.62 USD

2021-06-05 * "Onion Market" "Buying groceries"
  Liabilities:US:Chase:Slate                       -80.85 USD
  Expenses:Food:Groceries                           80.85 USD

2021-06-07 * "Kin Soy" "Eating out after work"
  Liabilities:US:Chase:Slate                       -30.74 USD
  Expenses:Food:Restaurant                          30.74 USD

2021-06-10 * "Chase:Slate" "Paying off credit card"
  Liabilities:US:Chase:Slate                       657.46 USD
  Assets:US:BofA:Checking                         -657.46 USD

2021-06-12 * "Jewel of Morroco" "Eating out with Natasha"
  Liabilities:US:Chase:Slate                       -45.73 USD
  Expenses:Food:Restaurant                          45.73 USD

2021-06-14 event "location" "San Francisco"

2021-06-15 * "Waterbar" "" #trip-san-francisco-2021
  Liabilities:US:Chase:Slate                       -46.68 USD
  Expenses:Food:Restaurant                          46.68 USD

2021-06-16 * "Waterbar" "" #trip-san-francisco-2021
  Liabilities:US:Chase:Slate                       -49.24 USD
  Expenses:Food:Restaurant                          49.24 USD

2021-06-17 * "Bar Crudo" "" #trip-san-francisco-2021
  Liabilities:US:Chase:Slate                       -59.26 USD
  Expenses:Food:Restaurant                          59.26 USD

2021-06-18 * "Bar Crudo" "" #trip-san-francisco-2021
  Liabilities:US:Chase:Slate                       -70.47 USD
  Expenses:Food:Restaurant                          70.47 USD

2021-06-18 * "Pizza Delfina" "" #trip-san-francisco-2021
  Liabilities:US:Chase:Slate                       -15.99 USD
  Expenses:Food:Restaurant                          15.99 USD

2021-06-19 * "Pizza Delfina" "" #trip-san-francisco-2021
  Liabilities:US:Chase:Slate                       -19.74 USD
  Expenses:Food:Restaurant                          19.74 USD

2021-06-19 * "Waterbar" "" #trip-san-francisco-2021
  Liabilities:US:Chase:Slate                       -50.00 USD
  Expenses:Food:Restaurant                          50.00 USD

2021-06-20 balance Liabilities:US:Chase:Slate     -311.38 USD

2021-06-20 * "Pizza Delfina" "" #trip-san-francisco-2021
  Liabilities:US:Chase:Slate                       -22.55 USD
  Expenses:Food:Restaurant                          22.55 USD

2021-06-21 * "Waterbar" "" #trip-san-francisco-2021
  Liabilities:US:Chase:Slate                       -47.51 USD
  Expenses:Food:Restaurant                          47.51 USD

2021-06-21 * "Mission Chinese Food" "" #trip-san-francisco-2021
  Liabilities:US:Chase:Slate                       -33.05 USD
  Expenses:Food:Restaurant                          33.05 USD

2021-06-22 * "Pizza Delfina" "" #trip-san-francisco-2021
  Liabilities:US:Chase:Slate                       -23.14 USD
  Expenses:Food:Restaurant                          23.14 USD

2021-06-22 * "Waterbar" "" #trip-san-francisco-2021
  Liabilities:US:Chase:Slate                       -47.21 USD
  Expenses:Food:Restaurant                          47.21 USD

2021-06-25 * "Waterbar" "" #trip-san-francisco-2021
  Liabilities:US:Chase:Slate                       -48.96 USD
  Expenses:Food:Restaurant                          48.96 USD

2021-06-25 * "Starbucks" "" #trip-san-francisco-2021
  Liabilities:US:Chase:Slate                        -5.08 USD
  Expenses:Food:Coffee                               5.08 USD

2021-06-26 * "Pizza Delfina" "" #trip-san-francisco-2021
  Liabilities:US:Chase:Slate                       -19.64 USD
  Expenses:Food:Restaurant                          19.64 USD

2021-06-26 * "Consume vacation days"
  Assets:US:Hoogle:Vacation                           -96 VACHR
  Expenses:Vacation                                    96 VACHR

2021-06-26 event "location" "New Metropolis"

2021-06-29 * "Uncle Boons" "Eating out with Bill"
  Liabilities:US:Chase:Slate                       -30.31 USD
  Expenses:Food:Restaurant                          30.31 USD

2021-07-04 * "China Garden" "Eating out with work buddies"
  Liabilities:US:Chase:Slate                       -17.81 USD
  Expenses:Food:Restaurant                          17.81 USD

2021-07-04 * "Metro Transport Authority" "Tram tickets"
  Liabilities:US:Chase:Slate                      -120.00 USD
  Expenses:Transport:Tram                          120.00 USD

2021-07-07 * "Goba Goba" "Eating out with Joe"
  Liabilities:US:Chase:Slate                       -16.30 USD
  Expenses:Food:Restaurant                          16.30 USD

2021-07-10 * "Chase:Slate" "Paying off credit card"
  Liabilities:US:Chase:Slate                       244.51 USD
  Assets:US:BofA:Checking                         -244.51 USD

2021-07-11 * "Corner Deli" "Buying groceries"
  Liabilities:US:Chase:Slate                       -60.09 USD
  Expenses:Food:Groceries                           60.09 USD

2021-07-12 * "Uncle Boons" "Eating out with Julie"
  Liabilities:US:Chase:Slate                       -56.67 USD
  Expenses:Food:Restaurant                          56.67 USD

2021-07-14 balance Liabilities:US:Chase:Slate     -615.19 USD

2021-07-14 * "Cafe Modagor" "Eating out with Bill"
  Liabilities:US:Chase:Slate                       -45.25 USD
  Expenses:Food:Restaurant                          45.25 USD

2021-07-15 * "Rose Flower" "Eating out with Natasha"
  Liabilities:US:Chase:Slate                       -33.56 USD
  Expenses:Food:Restaurant                          33.56 USD

2021-07-20 * "Uncle Boons" "Eating out alone"
  Liabilities:US:Chase:Slate                       -46.86 USD
  Expenses:Food:Restaurant                          46.86 USD

2021-07-21 * "Farmer Fresh" "Buying groceries"
  Liabilities:US:Chase:Slate                       -89.36 USD
  Expenses:Food:Groceries                           89.36 USD

2021-07-23 * "Rose Flower" "Eating out with work buddies"
  Liabilities:US:Chase:Slate                       -50.25 USD
  Expenses:Food:Restaurant                          50.25 USD

2021-07-24 * "Uncle Boons" "Eating out after work"
  Liabilities:US:Chase:Slate                       -19.15 USD
  Expenses:Food:Restaurant                          19.15 USD

2021-07-29 * "Uncle Boons" "Eating out after work"
  Liabilities:US:Chase:Slate                       -44.34 USD
  Expenses:Food:Restaurant                          44.34 USD

2021-08-01 * "Uncle Boons" "Eating out "
  Liabilities:US:Chase:Slate                       -17.17 USD
  Expenses:Food:Restaurant                          17.17 USD

2021-08-02 * "Good Moods Market" "Buying groceries"
  Liabilities:US:Chase:Slate                       -59.56 USD
  Expenses:Food:Groceries                           59.56 USD

2021-08-03 * "Uncle Boons" "Eating out alone"
  Liabilities:US:Chase:Slate                       -72.46 USD
  Expenses:Food:Restaurant                          72.46 USD

2021-08-05 * "Metro Transport Authority" "Tram tickets"
  Liabilities:US:Chase:Slate                      -120.00 USD
  Expenses:Transport:Tram                          120.00 USD

2021-08-08 * "Cafe Modagor" "Eating out with Bill"
  Liabilities:US:Chase:Slate                       -26.88 USD
  Expenses:Food:Restaurant                          26.88 USD

2021-08-10 balance Liabilities:US:Chase:Slate    -1240.03 USD

2021-08-10 * "Chichipotle" "Eating out alone"
  Liabilities:US:Chase:Slate                       -37.90 USD
  Expenses:Food:Restaurant                          37.90 USD

2021-08-11 * "Chase:Slate" "Paying off credit card"
  Liabilities:US:Chase:Slate                       739.60 USD
  Assets:US:BofA:Checking                         -739.60 USD

2021-08-15 * "China Garden" "Eating out with Bill"
  Liabilities:US:Chase:Slate                       -20.19 USD
  Expenses:Food:Restaurant                          20.19 USD

2021-08-16 * "Kin Soy" "Eating out alone"
  Liabilities:US:Chase:Slate                       -56.33 USD
  Expenses:Food:Restaurant                          56.33 USD

2021-08-17 * "China Garden" "Eating out after work"
  Liabilities:US:Chase:Slate                       -44.34 USD
  Expenses:Food:Restaurant                          44.34 USD

2021-08-19 * "Jewel of Morroco" "Eating out with Julie"
  Liabilities:US:Chase:Slate                       -32.57 USD
  Expenses:Food:Restaurant                          32.57 USD

2021-08-19 * "Farmer Fresh" "Buying groceries"
  Liabilities:US:Chase:Slate                       -76.65 USD
  Expenses:Food:Groceries                           76.65 USD

2021-08-21 * "Rose Flower" "Eating out with Natasha"
  Liabilities:US:Chase:Slate                       -15.92 USD
  Expenses:Food:Restaurant                          15.92 USD

2021-08-22 * "Kin Soy" "Eating out with Julie"
  Liabilities:US:Chase:Slate                       -20.06 USD
  Expenses:Food:Restaurant                          20.06 USD

2021-08-25 * "Jewel of Morroco" "Eating out after work"
  Liabilities:US:Chase:Slate                       -35.48 USD
  Expenses:Food:Restaurant                          35.48 USD

2021-08-28 * "Cafe Modagor" "Eating out with work buddies"
  Liabilities:US:Chase:Slate                       -35.37 USD
  Expenses:Food:Restaurant                          35.37 USD

2021-08-29 * "China Garden" "Eating out with Julie"
  Liabilities:US:Chase:Slate                       -27.86 USD
  Expenses:Food:Restaurant                          27.86 USD

2021-08-30 * "Onion Market" "Buying groceries"
  Liabilities:US:Chase:Slate                      -103.55 USD
  Expenses:Food:Groceries                          103.55 USD

2021-09-02 * "Metro Transport Authority" "Tram tickets"
  Liabilities:US:Chase:Slate                      -120.00 USD
  Expenses:Transport:Tram                          120.00 USD

2021-09-03 * "Rose Flower" "Eating out with Julie"
  Liabilities:US:Chase:Slate                       -24.05 USD
  Expenses:Food:Restaurant                          24.05 USD

2021-09-04 * "Goba Goba" "Eating out with work buddies"
  Liabilities:US:Chase:Slate                       -30.09 USD
  Expenses:Food:Restaurant                          30.09 USD

2021-09-04 * "Onion Market" "Buying groceries"
  Liabilities:US:Chase:Slate                       -70.09 USD
  Expenses:Food:Groceries                           70.09 USD

2021-09-07 balance Liabilities:US:Chase:Slate    -1250.88 USD

2021-09-07 * "Goba Goba" "Eating out with Joe"
  Liabilities:US:Chase:Slate                       -20.39 USD
  Expenses:Food:Restaurant                          20.39 USD

2021-09-09 * "Rose Flower" "Eating out with Julie"
  Liabilities:US:Chase:Slate                       -21.28 USD
  Expenses:Food:Restaurant                          21.28 USD

2021-09-10 * "Chichipotle" "Eating out with Joe"
  Liabilities:US:Chase:Slate                       -13.87 USD
  Expenses:Food:Restaurant                          13.87 USD

2021-09-11 * "Chase:Slate" "Paying off credit card"
  Liabilities:US:Chase:Slate                       778.83 USD
  Assets:US:BofA:Checking                         -778.83 USD

2021-09-14 * "Chichipotle" "Eating out "
  Liabilities:US:Chase:Slate                       -30.93 USD
  Expenses:Food:Restaurant                          30.93 USD

2021-09-17 * "Jewel of Morroco" "Eating out alone"
  Liabilities:US:Chase:Slate                       -28.57 USD
  Expenses:Food:Restaurant                          28.57 USD

2021-09-22 * "China Garden" "Eating out with work buddies"
  Liabilities:US:Chase:Slate                       -33.61 USD
  Expenses:Food:Restaurant                          33.61 USD

2021-09-23 * "Goba Goba" "Eating out alone"
  Liabilities:US:Chase:Slate                       -14.32 USD
  Expenses:Food:Restaurant                          14.32 USD

2021-09-23 * "Corner Deli" "Buying groceries"
  Liabilities:US:Chase:Slate                       -72.29 USD
  Expenses:Food:Groceries                           72.29 USD

2021-09-28 * "Chichipotle" "Eating out with work buddies"
  Liabilities:US:Chase:Slate                       -47.89 USD
  Expenses:Food:Restaurant                          47.89 USD

2021-09-29 * "Farmer Fresh" "Buying groceries"
  Liabilities:US:Chase:Slate                       -72.00 USD
  Expenses:Food:Groceries                           72.00 USD

2021-09-30 * "Metro Transport Authority" "Tram tickets"
  Liabilities:US:Chase:Slate                      -120.00 USD
  Expenses:Transport:Tram                          120.00 USD

2021-10-02 * "China Garden" "Eating out with Bill"
  Liabilities:US:Chase:Slate                       -24.66 USD
  Expenses:Food:Restaurant                          24.66 USD

2021-10-04 * "Chichipotle" "Eating out "
  Liabilities:US:Chase:Slate                       -30.52 USD
  Expenses:Food:Restaurant                          30.52 USD

2021-10-06 balance Liabilities:US:Chase:Slate    -1002.38 USD

2021-10-09 * "China Garden" "Eating out with Natasha"
  Liabilities:US:Chase:Slate                       -34.00 USD
  Expenses:Food:Restaurant                          34.00 USD

2021-10-09 * "Onion Market" "Buying groceries"
  Liabilities:US:Chase:Slate                       -59.36 USD
  Expenses:Food:Groceries                           59.36 USD

2021-10-10 * "Chase:Slate" "Paying off credit card"
  Liabilities:US:Chase:Slate                       563.35 USD
  Assets:US:BofA:Checking                         -563.35 USD

2021-10-14 * "China Garden" "Eating out alone"
  Liabilities:US:Chase:Slate                       -26.13 USD
  Expenses:Food:Restaurant                          26.13 USD

2021-10-15 * "Rose Flower" "Eating out with Joe"
  Liabilities:US:Chase:Slate                       -29.37 USD
  Expenses:Food:Restaurant                          29.37 USD

2021-10-20 * "Jewel of Morroco" "Eating out with Joe"
  Liabilities:US:Chase:Slate                       -39.54 USD
  Expenses:Food:Restaurant                          39.54 USD

2021-10-23 * "Kin Soy" "Eating out with Bill"
  Liabilities:US:Chase:Slate                       -30.87 USD
  Expenses:Food:Restaurant                          30.87 USD

2021-10-25 * "Goba Goba" "Eating out with Julie"
  Liabilities:US:Chase:Slate                       -35.51 USD
  Expenses:Food:Restaurant                          35.51 USD

2021-10-25 * "Good Moods Market" "Buying groceries"
  Liabilities:US:Chase:Slate                       -72.85 USD
  Expenses:Food:Groceries                           72.85 USD

2021-10-26 balance Liabilities:US:Chase:Slate     -766.66 USD

2021-10-28 * "Goba Goba" "Eating out with Julie"
  Liabilities:US:Chase:Slate                       -15.93 USD
  Expenses:Food:Restaurant                          15.93 USD

2021-10-29 * "Metro Transport Authority" "Tram tickets"
  Liabilities:US:Chase:Slate                      -120.00 USD
  Expenses:Transport:Tram                          120.00 USD

2021-10-30 * "Goba Goba" "Eating out with Bill"
  Liabilities:US:Chase:Slate                       -19.63 USD
  Expenses:Food:Restaurant                          19.63 USD

2021-11-03 * "Jewel of Morroco" "Eating out "
  Liabilities:US:Chase:Slate                       -62.96 USD
  Expenses:Food:Restaurant                          62.96 USD

2021-11-05 * "Good Moods Market" "Buying groceries"
  Liabilities:US:Chase:Slate                       -77.07 USD
  Expenses:Food:Groceries                           77.07 USD

2021-11-06 * "Kin Soy" "Eating out with Julie"
  Liabilities:US:Chase:Slate                       -21.64 USD
  Expenses:Food:Restaurant                          21.64 USD

2021-11-07 * "Chase:Slate" "Paying off credit card"
  Liabilities:US:Chase:Slate                       541.55 USD
  Assets:US:BofA:Checking                         -541.55 USD

2021-11-10 * "China Garden" "Eating out after work"
  Liabilities:US:Chase:Slate                       -16.18 USD
  Expenses:Food:Restaurant                          16.18 USD

2021-11-13 * "Chichipotle" "Eating out with Julie"
  Liabilities:US:Chase:Slate                       -13.60 USD
  Expenses:Food:Restaurant                          13.60 USD

2021-11-14 * "Cafe Modagor" "Eating out with Joe"
  Liabilities:US:Chase:Slate                       -16.39 USD
  Expenses:Food:Restaurant                          16.39 USD

2021-11-18 * "Cafe Modagor" "Eating out with Natasha"
  Liabilities:US:Chase:Slate                       -16.48 USD
  Expenses:Food:Restaurant                          16.48 USD

2021-11-20 * "Chichipotle" "Eating out with work buddies"
  Liabilities:US:Chase:Slate                       -44.59 USD
  Expenses:Food:Restaurant                          44.59 USD

2021-11-22 * "Good Moods Market" "Buying groceries"
  Liabilities:US:Chase:Slate                       -97.85 USD
  Expenses:Food:Groceries                           97.85 USD

2021-11-24 balance Liabilities:US:Chase:Slate     -747.43 USD

2021-11-24 * "Kin Soy" "Eating out "
  Liabilities:US:Chase:Slate                       -38.78 USD
  Expenses:Food:Restaurant                          38.78 USD

2021-11-27 * "Rose Flower" "Eating out with Natasha"
  Liabilities:US:Chase:Slate                       -28.60 USD
  Expenses:Food:Restaurant                          28.60 USD

2021-11-29 * "Corner Deli" "Buying groceries"
  Liabilities:US:Chase:Slate                       -74.48 USD
  Expenses:Food:Groceries                           74.48 USD

2021-12-01 * "Metro Transport Authority" "Tram tickets"
  Liabilities:US:Chase:Slate                      -120.00 USD
  Expenses:Transport:Tram                          120.00 USD

2021-12-02 * "Jewel of Morroco" "Eating out with Joe"
  Liabilities:US:Chase:Slate                       -59.49 USD
  Expenses:Food:Restaurant                          59.49 USD

2021-12-06 * "Chichipotle" "Eating out with Natasha"
  Liabilities:US:Chase:Slate                       -40.78 USD
  Expenses:Food:Restaurant                          40.78 USD

2021-12-09 * "Uncle Boons" "Eating out "
  Liabilities:US:Chase:Slate                       -34.25 USD
  Expenses:Food:Restaurant                          34.25 USD

2021-12-10 * "Chase:Slate" "Paying off credit card"
  Liabilities:US:Chase:Slate                       609.73 USD
  Assets:US:BofA:Checking                         -609.73 USD

2021-12-11 * "Chichipotle" "Eating out with Natasha"
  Liabilities:US:Chase:Slate                       -24.44 USD
  Expenses:Food:Restaurant                          24.44 USD

2021-12-12 * "Rose Flower" "Eating out after work"
  Liabilities:US:Chase:Slate                       -14.74 USD
  Expenses:Food:Restaurant                          14.74 USD

2021-12-14 * "Goba Goba" "Eating out with Joe"
  Liabilities:US:Chase:Slate                       -73.43 USD
  Expenses:Food:Restaurant                          73.43 USD

2021-12-15 balance Liabilities:US:Chase:Slate     -646.69 USD

2021-12-18 * "Farmer Fresh" "Buying groceries"
  Liabilities:US:Chase:Slate                      -163.65 USD
  Expenses:Food:Groceries                          163.65 USD

2021-12-19 * "Jewel of Morroco" "Eating out with work buddies"
  Liabilities:US:Chase:Slate                       -39.53 USD
  Expenses:Food:Restaurant                          39.53 USD

2021-12-20 * "Kin Soy" "Eating out "
  Liabilities:US:Chase:Slate                       -25.63 USD
  Expenses:Food:Restaurant                          25.63 USD

2021-12-21 * "Jewel of Morroco" "Eating out alone"
  Liabilities:US:Chase:Slate                       -21.38 USD
  Expenses:Food:Restaurant                          21.38 USD

2021-12-24 * "Rose Flower" "Eating out with Bill"
  Liabilities:US:Chase:Slate                       -17.96 USD
  Expenses:Food:Restaurant                          17.96 USD

2021-12-29 * "Goba Goba" "Eating out with Joe"
  Liabilities:US:Chase:Slate                       -42.57 USD
  Expenses:Food:Restaurant                          42.57 USD

2021-12-31 * "Kin Soy" "Eating out alone"
  Liabilities:US:Chase:Slate                       -34.23 USD
  Expenses:Food:Restaurant                          34.23 USD

2022-01-01 * "Uncle Boons" "Eating out with Natasha"
  Liabilities:US:Chase:Slate                       -27.48 USD
  Expenses:Food:Restaurant                          27.48 USD

2022-01-01 * "Metro Transport Authority" "Tram tickets"
  Liabilities:US:Chase:Slate                      -120.00 USD
  Expenses:Transport:Tram                          120.00 USD

2022-01-04 balance Liabilities:US:Chase:Slate    -1139.12 USD

2022-01-05 * "Chichipotle" "Eating out with Natasha"
  Liabilities:US:Chase:Slate                       -25.25 USD
  Expenses:Food:Restaurant                          25.25 USD

2022-01-05 * "Corner Deli" "Buying groceries"
  Liabilities:US:Chase:Slate                      -112.90 USD
  Expenses:Food:Groceries                          112.90 USD

2022-01-08 * "Uncle Boons" "Eating out with Joe"
  Liabilities:US:Chase:Slate                       -35.14 USD
  Expenses:Food:Restaurant                          35.14 USD

2022-01-08 * "Chase:Slate" "Paying off credit card"
  Liabilities:US:Chase:Slate                       753.89 USD
  Assets:US:BofA:Checking                         -753.89 USD

2022-01-09 * "Uncle Boons" "Eating out with Natasha"
  Liabilities:US:Chase:Slate                       -31.41 USD
  Expenses:Food:Restaurant                          31.41 USD

2022-01-10 * "Rose Flower" "Eating out alone"
  Liabilities:US:Chase:Slate                       -39.62 USD
  Expenses:Food:Restaurant                          39.62 USD

2022-01-15 * "Kin Soy" "Eating out with Bill"
  Liabilities:US:Chase:Slate                       -17.63 USD
  Expenses:Food:Restaurant                          17.63 USD

2022-01-17 * "Jewel of Morroco" "Eating out alone"
  Liabilities:US:Chase:Slate                       -39.54 USD
  Expenses:Food:Restaurant                          39.54 USD

2022-01-18 * "Uncle Boons" "Eating out alone"
  Liabilities:US:Chase:Slate                       -20.83 USD
  Expenses:Food:Restaurant                          20.83 USD

2022-01-20 * "Rose Flower" "Eating out with Joe"
  Liabilities:US:Chase:Slate                       -38.81 USD
  Expenses:Food:Restaurant                          38.81 USD

2022-01-21 * "Chichipotle" "Eating out with Natasha"
  Liabilities:US:Chase:Slate                       -38.26 USD
  Expenses:Food:Restaurant                          38.26 USD

2022-01-23 * "Jewel of Morroco" "Eating out after work"
  Liabilities:US:Chase:Slate                       -33.14 USD
  Expenses:Food:Restaurant                          33.14 USD

2022-01-24 * "Jewel of Morroco" "Eating out with Joe"
  Liabilities:US:Chase:Slate                       -21.61 USD
  Expenses:Food:Restaurant                          21.61 USD

2022-01-24 * "Farmer Fresh" "Buying groceries"
  Liabilities:US:Chase:Slate                       -58.57 USD
  Expenses:Food:Groceries                           58.57 USD

2022-01-26 * "China Garden" "Eating out with Bill"
  Liabilities:US:Chase:Slate                       -28.12 USD
  Expenses:Food:Restaurant                          28.12 USD

2022-01-29 * "Metro Transport Authority" "Tram tickets"
  Liabilities:US:Chase:Slate                      -120.00 USD
  Expenses:Transport:Tram                          120.00 USD

2022-01-30 * "Jewel of Morroco" "Eating out "
  Liabilities:US:Chase:Slate                       -26.72 USD
  Expenses:Food:Restaurant                          26.72 USD

2022-01-31 * "Kin Soy" "Eating out with Bill"
  Liabilities:US:Chase:Slate                       -57.33 USD
  Expenses:Food:Restaurant                          57.33 USD

2022-02-02 balance Liabilities:US:Chase:Slate    -1130.11 USD

2022-02-03 * "Kin Soy" "Eating out with Bill"
  Liabilities:US:Chase:Slate                       -26.00 USD
  Expenses:Food:Restaurant                          26.00 USD

2022-02-04 * "Kin Soy" "Eating out "
  Liabilities:US:Chase:Slate                       -19.90 USD
  Expenses:Food:Restaurant                          19.90 USD

2022-02-05 * "Kin Soy" "Eating out with Joe"
  Liabilities:US:Chase:Slate                       -59.58 USD
  Expenses:Food:Restaurant                          59.58 USD

2022-02-06 * "Cafe Modagor" "Eating out with Julie"
  Liabilities:US:Chase:Slate                       -19.41 USD
  Expenses:Food:Restaurant                          19.41 USD

2022-02-06 * "Corner Deli" "Buying groceries"
  Liabilities:US:Chase:Slate                       -97.09 USD
  Expenses:Food:Groceries                           97.09 USD

2022-02-08 * "Chase:Slate" "Paying off credit card"
  Liabilities:US:Chase:Slate                       814.20 USD
  Assets:US:BofA:Checking                         -814.20 USD

2022-02-09 * "Goba Goba" "Eating out with Julie"
  Liabilities:US:Chase:Slate                       -20.63 USD
  Expenses:Food:Restaurant                          20.63 USD

2022-02-12 * "Kin Soy" "Eating out after work"
  Liabilities:US:Chase:Slate                       -30.79 USD
  Expenses:Food:Restaurant                          30.79 USD

2022-02-14 * "China Garden" "Eating out with Bill"
  Liabilities:US:Chase:Slate                       -47.04 USD
  Expenses:Food:Restaurant                          47.04 USD

2022-02-18 * "Cafe Modagor" "Eating out with work buddies"
  Liabilities:US:Chase:Slate                       -46.28 USD
  Expenses:Food:Restaurant                          46.28 USD

2022-02-21 * "Goba Goba" "Eating out after work"
  Liabilities:US:Chase:Slate                       -22.54 USD
  Expenses:Food:Restaurant                          22.54 USD

2022-02-25 * "Corner Deli" "Buying groceries"
  Liabilities:US:Chase:Slate                       -93.68 USD
  Expenses:Food:Groceries                           93.68 USD

2022-02-26 * "Jewel of Morroco" "Eating out with Bill"
  Liabilities:US:Chase:Slate                       -45.33 USD
  Expenses:Food:Restaurant                          45.33 USD

2022-02-27 * "Metro Transport Authority" "Tram tickets"
  Liabilities:US:Chase:Slate                      -120.00 USD
  Expenses:Transport:Tram                          120.00 USD

2022-03-01 * "Rose Flower" "Eating out with Julie"
  Liabilities:US:Chase:Slate                       -29.73 USD
  Expenses:Food:Restaurant                          29.73 USD

2022-03-02 * "Cafe Modagor" "Eating out with work buddies"
  Liabilities:US:Chase:Slate                       -21.26 USD
  Expenses:Food:Restaurant                          21.26 USD

2022-03-04 balance Liabilities:US:Chase:Slate    -1015.17 USD

2022-03-06 * "Chichipotle" "Eating out after work"
  Liabilities:US:Chase:Slate                       -26.72 USD
  Expenses:Food:Restaurant                          26.72 USD

2022-03-07 * "Chase:Slate" "Paying off credit card"
  Liabilities:US:Chase:Slate                       503.68 USD
  Assets:US:BofA:Checking                         -503.68 USD

2022-03-08 * "Rose Flower" "Eating out "
  Liabilities:US:Chase:Slate                       -20.31 USD
  Expenses:Food:Restaurant                          20.31 USD

2022-03-10 * "Corner Deli" "Buying groceries"
  Liabilities:US:Chase:Slate                       -63.49 USD
  Expenses:Food:Groceries                           63.49 USD

2022-03-11 * "Goba Goba" "Eating out with Bill"
  Liabilities:US:Chase:Slate                       -36.24 USD
  Expenses:Food:Restaurant                          36.24 USD

2022-03-16 * "Uncle Boons" "Eating out with Bill"
  Liabilities:US:Chase:Slate                       -54.82 USD
  Expenses:Food:Restaurant                          54.82 USD

2022-03-19 * "Kin Soy" "Eating out alone"
  Liabilities:US:Chase:Slate                       -30.90 USD
  Expenses:Food:Restaurant                          30.90 USD

2022-03-20 * "Farmer Fresh" "Buying groceries"
  Liabilities:US:Chase:Slate                      -107.17 USD
  Expenses:Food:Groceries                          107.17 USD

2022-03-23 * "Rose Flower" "Eating out after work"
  Liabilities:US:Chase:Slate                       -42.09 USD
  Expenses:Food:Restaurant                          42.09 USD

2022-03-25 balance Liabilities:US:Chase:Slate     -893.23 USD

2022-03-25 * "China Garden" "Eating out "
  Liabilities:US:Chase:Slate                       -47.98 USD
  Expenses:Food:Restaurant                          47.98 USD

2022-03-29 * "Uncle Boons" "Eating out with Julie"
  Liabilities:US:Chase:Slate                       -27.34 USD
  Expenses:Food:Restaurant                          27.34 USD

2022-03-29 * "Metro Transport Authority" "Tram tickets"
  Liabilities:US:Chase:Slate                      -120.00 USD
  Expenses:Transport:Tram                          120.00 USD

2022-04-01 * "Jewel of Morroco" "Eating out with Bill"
  Liabilities:US:Chase:Slate                       -47.15 USD
  Expenses:Food:Restaurant                          47.15 USD

2022-04-03 * "Jewel of Morroco" "Eating out with Bill"
  Liabilities:US:Chase:Slate                       -31.30 USD
  Expenses:Food:Restaurant                          31.30 USD

2022-04-04 * "Uncle Boons" "Eating out with work buddies"
  Liabilities:US:Chase:Slate                       -21.15 USD
  Expenses:Food:Restaurant                          21.15 USD

2022-04-06 * "Corner Deli" "Buying groceries"
  Liabilities:US:Chase:Slate                      -151.03 USD
  Expenses:Food:Groceries                          151.03 USD

2022-04-07 * "Chase:Slate" "Paying off credit card"
  Liabilities:US:Chase:Slate                       795.30 USD
  Assets:US:BofA:Checking                         -795.30 USD

2022-04-08 * "Kin Soy" "Eating out "
  Liabilities:US:Chase:Slate                       -14.64 USD
  Expenses:Food:Restaurant                          14.64 USD

2022-04-09 * "China Garden" "Eating out with Bill"
  Liabilities:US:Chase:Slate                       -34.19 USD
  Expenses:Food:Restaurant                          34.19 USD

2022-04-10 * "Jewel of Morroco" "Eating out with Julie"
  Liabilities:US:Chase:Slate                       -34.57 USD
  Expenses:Food:Restaurant                          34.57 USD

2022-04-11 * "Cafe Modagor" "Eating out "
  Liabilities:US:Chase:Slate                       -20.33 USD
  Expenses:Food:Restaurant                          20.33 USD

2022-04-14 * "Good Moods Market" "Buying groceries"
  Liabilities:US:Chase:Slate                       -71.16 USD
  Expenses:Food:Groceries                           71.16 USD

2022-04-15 balance Liabilities:US:Chase:Slate     -718.77 USD

2022-04-15 * "Rose Flower" "Eating out with Julie"
  Liabilities:US:Chase:Slate                       -52.39 USD
  Expenses:Food:Restaurant                          52.39 USD

2022-04-20 * "China Garden" "Eating out alone"
  Liabilities:US:Chase:Slate                       -22.89 USD
  Expenses:Food:Restaurant                          22.89 USD

2022-04-22 * "Jewel of Morroco" "Eating out with Bill"
  Liabilities:US:Chase:Slate                       -31.25 USD
  Expenses:Food:Restaurant                          31.25 USD

2022-04-27 * "Chichipotle" "Eating out with Joe"
  Liabilities:US:Chase:Slate                       -25.53 USD
  Expenses:Food:Restaurant                          25.53 USD

2022-04-27 * "Farmer Fresh" "Buying groceries"
  Liabilities:US:Chase:Slate                       -71.96 USD
  Expenses:Food:Groceries                           71.96 USD

2022-04-28 * "Chichipotle" "Eating out with Julie"
  Liabilities:US:Chase:Slate                       -28.46 USD
  Expenses:Food:Restaurant                          28.46 USD

2022-04-30 * "Chichipotle" "Eating out with Natasha"
  Liabilities:US:Chase:Slate                       -46.12 USD
  Expenses:Food:Restaurant                          46.12 USD

2022-05-01 * "Metro Transport Authority" "Tram tickets"
  Liabilities:US:Chase:Slate                      -120.00 USD
  Expenses:Transport:Tram                          120.00 USD

2022-05-04 * "Jewel of Morroco" "Eating out "
  Liabilities:US:Chase:Slate                       -68.73 USD
  Expenses:Food:Restaurant                          68.73 USD

2022-05-06 * "Chichipotle" "Eating out with Bill"
  Liabilities:US:Chase:Slate                       -98.57 USD
  Expenses:Food:Restaurant                          98.57 USD

2022-05-07 * "Farmer Fresh" "Buying groceries"
  Liabilities:US:Chase:Slate                       -84.27 USD
  Expenses:Food:Groceries                           84.27 USD

2022-05-08 * "Cafe Modagor" "Eating out with work buddies"
  Liabilities:US:Chase:Slate                       -35.18 USD
  Expenses:Food:Restaurant                          35.18 USD

2022-05-11 * "Chase:Slate" "Paying off credit card"
  Liabilities:US:Chase:Slate                       947.40 USD
  Assets:US:BofA:Checking                         -947.40 USD

2022-05-12 balance Liabilities:US:Chase:Slate     -456.72 USD

2022-05-12 * "Uncle Boons" "Eating out with Natasha"
  Liabilities:US:Chase:Slate                      -101.80 USD
  Expenses:Food:Restaurant                         101.80 USD

2022-05-15 * "China Garden" "Eating out alone"
  Liabilities:US:Chase:Slate                       -48.67 USD
  Expenses:Food:Restaurant                          48.67 USD

2022-05-20 * "Cafe Modagor" "Eating out with work buddies"
  Liabilities:US:Chase:Slate                       -27.18 USD
  Expenses:Food:Restaurant                          27.18 USD

2022-05-24 * "Jewel of Morroco" "Eating out with Julie"
  Liabilities:US:Chase:Slate                       -30.51 USD
  Expenses:Food:Restaurant                          30.51 USD

2022-05-24 * "Farmer Fresh" "Buying groceries"
  Liabilities:US:Chase:Slate                       -77.67 USD
  Expenses:Food:Groceries                           77.67 USD

2022-05-28 * "Rose Flower" "Eating out "
  Liabilities:US:Chase:Slate                       -30.64 USD
  Expenses:Food:Restaurant                          30.64 USD

2022-05-29 * "China Garden" "Eating out alone"
  Liabilities:US:Chase:Slate                       -27.34 USD
  Expenses:Food:Restaurant                          27.34 USD

2022-05-30 * "Jewel of Morroco" "Eating out after work"
  Liabilities:US:Chase:Slate                       -26.96 USD
  Expenses:Food:Restaurant                          26.96 USD

2022-06-02 event "location" "Chicago"

2022-06-03 * "Mercadito" "" #trip-chicago-2022
  Liabilities:US:Chase:Slate                       -48.72 USD
  Expenses:Food:Restaurant                          48.72 USD

2022-06-03 * "Eataly Chicago" "" #trip-chicago-2022
  Liabilities:US:Chase:Slate                       -37.10 USD
  Expenses:Food:Restaurant                          37.10 USD

2022-06-03 * "Another Sports Pub" "" #trip-chicago-2022
  Liabilities:US:Chase:Slate                       -14.16 USD
  Expenses:Food:Alcohol                             14.16 USD

2022-06-03 * "Argo Tea" "" #trip-chicago-2022
  Liabilities:US:Chase:Slate                        -6.27 USD
  Expenses:Food:Coffee                               6.27 USD

2022-06-04 * "Star of Siam" "" #trip-chicago-2022
  Liabilities:US:Chase:Slate                       -33.49 USD
  Expenses:Food:Restaurant                          33.49 USD

2022-06-04 * "Another Sports Pub" "" #trip-chicago-2022
  Liabilities:US:Chase:Slate                       -13.08 USD
  Expenses:Food:Alcohol                             13.08 USD

2022-06-05 * "Another Sports Pub" "" #trip-chicago-2022
  Liabilities:US:Chase:Slate                       -12.93 USD
  Expenses:Food:Alcohol                             12.93 USD

2022-06-05 * "Argo Tea" "" #trip-chicago-2022
  Liabilities:US:Chase:Slate                        -5.30 USD
  Expenses:Food:Coffee                               5.30 USD

2022-06-06 * "Star of Siam" "" #trip-chicago-2022
  Liabilities:US:Chase:Slate                       -23.34 USD
  Expenses:Food:Restaurant                          23.34 USD

2022-06-06 * "Argo Tea" "" #trip-chicago-2022
  Liabilities:US:Chase:Slate                        -6.40 USD
  Expenses:Food:Coffee                               6.40 USD

2022-06-07 balance Liabilities:US:Chase:Slate    -1028.28 USD

2022-06-07 * "Eataly Chicago" "" #trip-chicago-2022
  Liabilities:US:Chase:Slate                       -44.13 USD
  Expenses:Food:Restaurant                          44.13 USD

2022-06-07 * "Another Sports Pub" "" #trip-chicago-2022
  Liabilities:US:Chase:Slate                        -7.45 USD
  Expenses:Food:Alcohol                              7.45 USD

2022-06-08 * "Star of Siam" "" #trip-chicago-2022
  Liabilities:US:Chase:Slate                       -25.38 USD
  Expenses:Food:Restaurant                          25.38 USD

2022-06-08 * "Mercadito" "" #trip-chicago-2022
  Liabilities:US:Chase:Slate                       -36.30 USD
  Expenses:Food:Restaurant                          36.30 USD

2022-06-08 * "Argo Tea" "" #trip-chicago-2022
  Liabilities:US:Chase:Slate                        -6.03 USD
  Expenses:Food:Coffee                               6.03 USD

2022-06-08 * "Chase:Slate" "Paying off credit card"
  Liabilities:US:Chase:Slate                       298.61 USD
  Assets:US:BofA:Checking                         -298.61 USD

2022-06-09 * "Star of Siam" "" #trip-chicago-2022
  Liabilities:US:Chase:Slate                       -20.25 USD
  Expenses:Food:Restaurant                          20.25 USD

2022-06-09 * "Mercadito" "" #trip-chicago-2022
  Liabilities:US:Chase:Slate                       -35.19 USD
  Expenses:Food:Restaurant                          35.19 USD

2022-06-09 * "Eataly Chicago" "" #trip-chicago-2022
  Liabilities:US:Chase:Slate                       -44.37 USD
  Expenses:Food:Restaurant                          44.37 USD

2022-06-10 * "Mercadito" "" #trip-chicago-2022
  Liabilities:US:Chase:Slate                       -40.49 USD
  Expenses:Food:Restaurant                          40.49 USD

2022-06-10 * "25 Degrees Burger Bar" "" #trip-chicago-2022
  Liabilities:US:Chase:Slate                       -18.39 USD
  Expenses:Food:Restaurant                          18.39 USD

2022-06-11 * "Argo Tea" "" #trip-chicago-2022
  Liabilities:US:Chase:Slate                        -5.21 USD
  Expenses:Food:Coffee                               5.21 USD

2022-06-12 * "Eataly Chicago" "" #trip-chicago-2022
  Liabilities:US:Chase:Slate                       -44.74 USD
  Expenses:Food:Restaurant                          44.74 USD

2022-06-13 * "China Garden" "Eating out after work"
  Liabilities:US:Chase:Slate                       -29.64 USD
  Expenses:Food:Restaurant                          29.64 USD

2022-06-13 * "Mercadito" "" #trip-chicago-2022
  Liabilities:US:Chase:Slate                       -40.70 USD
  Expenses:Food:Restaurant                          40.70 USD

2022-06-13 * "Eataly Chicago" "" #trip-chicago-2022
  Liabilities:US:Chase:Slate                       -32.72 USD
  Expenses:Food:Restaurant                          32.72 USD

2022-06-13 * "Consume vacation days"
  Assets:US:Hoogle:Vacation                           -88 VACHR
  Expenses:Vacation                                    88 VACHR

2022-06-13 event "location" "New Metropolis"

2022-06-15 * "Kin Soy" "Eating out after work"
  Liabilities:US:Chase:Slate                       -35.92 USD
  Expenses:Food:Restaurant                          35.92 USD

2022-06-19 * "Corner Deli" "Buying groceries"
  Liabilities:US:Chase:Slate                       -38.90 USD
  Expenses:Food:Groceries                           38.90 USD

2022-06-20 * "Jewel of Morroco" "Eating out with work buddies"
  Liabilities:US:Chase:Slate                       -64.90 USD
  Expenses:Food:Restaurant                          64.90 USD

2022-06-23 * "Chichipotle" "Eating out with Joe"
  Liabilities:US:Chase:Slate                       -45.61 USD
  Expenses:Food:Restaurant                          45.61 USD

2022-06-24 * "China Garden" "Eating out with work buddies"
  Liabilities:US:Chase:Slate                       -27.53 USD
  Expenses:Food:Restaurant                          27.53 USD

2022-06-27 * "Rose Flower" "Eating out with Natasha"
  Liabilities:US:Chase:Slate                       -34.77 USD
  Expenses:Food:Restaurant                          34.77 USD

2022-06-30 * "Metro Transport Authority" "Tram tickets"
  Liabilities:US:Chase:Slate                      -120.00 USD
  Expenses:Transport:Tram                          120.00 USD

2022-07-02 balance Liabilities:US:Chase:Slate    -1528.29 USD

2022-07-02 * "Jewel of Morroco" "Eating out with Joe"
  Liabilities:US:Chase:Slate                       -28.38 USD
  Expenses:Food:Restaurant                          28.38 USD

2022-07-03 * "Cafe Modagor" "Eating out with work buddies"
  Liabilities:US:Chase:Slate                       -25.36 USD
  Expenses:Food:Restaurant                          25.36 USD

2022-07-03 * "Good Moods Market" "Buying groceries"
  Liabilities:US:Chase:Slate                      -101.90 USD
  Expenses:Food:Groceries                          101.90 USD

2022-07-07 * "Jewel of Morroco" "Eating out with Julie"
  Liabilities:US:Chase:Slate                       -40.51 USD
  Expenses:Food:Restaurant                          40.51 USD

2022-07-08 * "Chase:Slate" "Paying off credit card"
  Liabilities:US:Chase:Slate                       601.17 USD
  Assets:US:BofA:Checking                         -601.17 USD

2022-07-11 * "Cafe Modagor" "Eating out with Joe"
  Liabilities:US:Chase:Slate                       -37.39 USD
  Expenses:Food:Restaurant                          37.39 USD

2022-07-12 * "Goba Goba" "Eating out after work"
  Liabilities:US:Chase:Slate                       -68.97 USD
  Expenses:Food:Restaurant                          68.97 USD

2022-07-13 * "Chichipotle" "Eating out "
  Liabilities:US:Chase:Slate                       -16.23 USD
  Expenses:Food:Restaurant                          16.23 USD

2022-07-17 * "Farmer Fresh" "Buying groceries"
  Liabilities:US:Chase:Slate                      -200.51 USD
  Expenses:Food:Groceries                          200.51 USD

2022-07-18 * "Rose Flower" "Eating out "
  Liabilities:US:Chase:Slate                       -31.99 USD
  Expenses:Food:Restaurant                          31.99 USD

2022-07-19 * "Cafe Modagor" "Eating out "
  Liabilities:US:Chase:Slate                       -13.98 USD
  Expenses:Food:Restaurant                          13.98 USD

2022-07-21 * "Jewel of Morroco" "Eating out with Natasha"
  Liabilities:US:Chase:Slate                       -46.11 USD
  Expenses:Food:Restaurant                          46.11 USD

2022-07-22 balance Liabilities:US:Chase:Slate    -1538.45 USD

2022-07-25 * "Chichipotle" "Eating out with Joe"
  Liabilities:US:Chase:Slate                       -46.26 USD
  Expenses:Food:Restaurant                          46.26 USD

2022-07-29 * "Corner Deli" "Buying groceries"
  Liabilities:US:Chase:Slate                       -84.99 USD
  Expenses:Food:Groceries                           84.99 USD

2022-07-30 * "Goba Goba" "Eating out "
  Liabilities:US:Chase:Slate                       -32.21 USD
  Expenses:Food:Restaurant                          32.21 USD

2022-08-02 * "Metro Transport Authority" "Tram tickets"
  Liabilities:US:Chase:Slate                      -120.00 USD
  Expenses:Transport:Tram                          120.00 USD

2022-08-04 * "Chichipotle" "Eating out with work buddies"
  Liabilities:US:Chase:Slate                       -20.86 USD
  Expenses:Food:Restaurant                          20.86 USD

2022-08-05 * "Jewel of Morroco" "Eating out with Natasha"
  Liabilities:US:Chase:Slate                       -59.40 USD
  Expenses:Food:Restaurant                          59.40 USD

2022-08-06 * "Rose Flower" "Eating out after work"
  Liabilities:US:Chase:Slate                       -27.72 USD
  Expenses:Food:Restaurant                          27.72 USD

2022-08-09 * "Rose Flower" "Eating out with work buddies"
  Liabilities:US:Chase:Slate                       -30.60 USD
  Expenses:Food:Restaurant                          30.60 USD

2022-08-09 * "Chase:Slate" "Paying off credit card"
  Liabilities:US:Chase:Slate                       799.83 USD
  Assets:US:BofA:Checking                         -799.83 USD

2022-08-10 * "Kin Soy" "Eating out after work"
  Liabilities:US:Chase:Slate                       -29.53 USD
  Expenses:Food:Restaurant                          29.53 USD

2022-08-12 * "Rose Flower" "Eating out alone"
  Liabilities:US:Chase:Slate                       -41.86 USD
  Expenses:Food:Restaurant                          41.86 USD

2022-08-15 * "Chichipotle" "Eating out with work buddies"
  Liabilities:US:Chase:Slate                       -26.80 USD
  Expenses:Food:Restaurant                          26.80 USD

2022-08-16 * "Cafe Modagor" "Eating out after work"
  Liabilities:US:Chase:Slate                       -14.97 USD
  Expenses:Food:Restaurant                          14.97 USD

2022-08-17 * "Cafe Modagor" "Eating out with Joe"
  Liabilities:US:Chase:Slate                       -14.68 USD
  Expenses:Food:Restaurant                          14.68 USD

2022-08-18 * "Corner Deli" "Buying groceries"
  Liabilities:US:Chase:Slate                       -65.08 USD
  Expenses:Food:Groceries                           65.08 USD

2022-08-19 * "China Garden" "Eating out with Natasha"
  Liabilities:US:Chase:Slate                       -29.08 USD
  Expenses:Food:Restaurant                          29.08 USD

2022-08-20 balance Liabilities:US:Chase:Slate    -1382.66 USD

2022-08-23 * "Goba Goba" "Eating out after work"
  Liabilities:US:Chase:Slate                       -21.66 USD
  Expenses:Food:Restaurant                          21.66 USD

2022-08-23 * "Onion Market" "Buying groceries"
  Liabilities:US:Chase:Slate                       -59.61 USD
  Expenses:Food:Groceries                           59.61 USD

2022-08-27 * "Rose Flower" "Eating out with work buddies"
  Liabilities:US:Chase:Slate                       -48.88 USD
  Expenses:Food:Restaurant                          48.88 USD

2022-08-28 * "Jewel of Morroco" "Eating out alone"
  Liabilities:US:Chase:Slate                       -31.45 USD
  Expenses:Food:Restaurant                          31.45 USD

2022-08-29 * "Chichipotle" "Eating out with Joe"
  Liabilities:US:Chase:Slate                       -48.83 USD
  Expenses:Food:Restaurant                          48.83 USD

2022-08-30 * "Farmer Fresh" "Buying groceries"
  Liabilities:US:Chase:Slate                      -101.66 USD
  Expenses:Food:Groceries                          101.66 USD

2022-09-03 * "Cafe Modagor" "Eating out with Bill"
  Liabilities:US:Chase:Slate                       -37.38 USD
  Expenses:Food:Restaurant                          37.38 USD

2022-09-03 * "Metro Transport Authority" "Tram tickets"
  Liabilities:US:Chase:Slate                      -120.00 USD
  Expenses:Transport:Tram                          120.00 USD

2022-09-06 * "China Garden" "Eating out after work"
  Liabilities:US:Chase:Slate                       -23.57 USD
  Expenses:Food:Restaurant                          23.57 USD

2022-09-08 * "Chase:Slate" "Paying off credit card"
  Liabilities:US:Chase:Slate                       742.70 USD
  Assets:US:BofA:Checking                         -742.70 USD

2022-09-11 * "China Garden" "Eating out "
  Liabilities:US:Chase:Slate                       -27.66 USD
  Expenses:Food:Restaurant                          27.66 USD

2022-09-12 balance Liabilities:US:Chase:Slate    -1160.66 USD

2022-09-14 * "Uncle Boons" "Eating out after work"
  Liabilities:US:Chase:Slate                       -32.53 USD
  Expenses:Food:Restaurant                          32.53 USD

2022-09-15 * "Jewel of Morroco" "Eating out with Julie"
  Liabilities:US:Chase:Slate                       -28.54 USD
  Expenses:Food:Restaurant                          28.54 USD

2022-09-16 * "Goba Goba" "Eating out with work buddies"
  Liabilities:US:Chase:Slate                       -24.36 USD
  Expenses:Food:Restaurant                          24.36 USD

2022-09-16 * "Onion Market" "Buying groceries"
  Liabilities:US:Chase:Slate                      -104.03 USD
  Expenses:Food:Groceries                          104.03 USD

2022-09-17 * "Chichipotle" "Eating out with Julie"
  Liabilities:US:Chase:Slate                       -25.30 USD
  Expenses:Food:Restaurant                          25.30 USD

2022-09-22 * "Uncle Boons" "Eating out after work"
  Liabilities:US:Chase:Slate                       -24.06 USD
  Expenses:Food:Restaurant                          24.06 USD

2022-09-26 * "China Garden" "Eating out "
  Liabilities:US:Chase:Slate                       -20.47 USD
  Expenses:Food:Restaurant                          20.47 USD

2022-09-27 * "Farmer Fresh" "Buying groceries"
  Liabilities:US:Chase:Slate                       -45.80 USD
  Expenses:Food:Groceries                           45.80 USD

2022-10-01 * "Chichipotle" "Eating out alone"
  Liabilities:US:Chase:Slate                       -29.88 USD
  Expenses:Food:Restaurant                          29.88 USD

2022-10-02 * "Rose Flower" "Eating out with Joe"
  Liabilities:US:Chase:Slate                       -24.21 USD
  Expenses:Food:Restaurant                          24.21 USD

2022-10-04 * "Metro Transport Authority" "Tram tickets"
  Liabilities:US:Chase:Slate                      -120.00 USD
  Expenses:Transport:Tram                          120.00 USD

2022-10-05 balance Liabilities:US:Chase:Slate    -1639.84 USD

2022-10-07 * "Rose Flower" "Eating out with Joe"
  Liabilities:US:Chase:Slate                       -24.39 USD
  Expenses:Food:Restaurant                          24.39 USD

2022-10-07 * "Chase:Slate" "Paying off credit card"
  Liabilities:US:Chase:Slate                       503.57 USD
  Assets:US:BofA:Checking                         -503.57 USD

2022-10-09 * "Onion Market" "Buying groceries"
  Liabilities:US:Chase:Slate                      -101.29 USD
  Expenses:Food:Groceries                          101.29 USD

2022-10-10 * "Kin Soy" "Eating out after work"
  Liabilities:US:Chase:Slate                       -42.45 USD
  Expenses:Food:Restaurant                          42.45 USD

2022-10-12 * "Rose Flower" "Eating out with Joe"
  Liabilities:US:Chase:Slate                       -19.80 USD
  Expenses:Food:Restaurant                          19.80 USD

2022-10-14 * "Uncle Boons" "Eating out with Joe"
  Liabilities:US:Chase:Slate                       -24.78 USD
  Expenses:Food:Restaurant                          24.78 USD

2022-10-17 * "China Garden" "Eating out "
  Liabilities:US:Chase:Slate                       -21.60 USD
  Expenses:Food:Restaurant                          21.60 USD

2022-10-17 * "Good Moods Market" "Buying groceries"
  Liabilities:US:Chase:Slate                       -63.41 USD
  Expenses:Food:Groceries                           63.41 USD

2022-10-20 * "Kin Soy" "Eating out "
  Liabilities:US:Chase:Slate                       -43.42 USD
  Expenses:Food:Restaurant                          43.42 USD

2022-10-21 * "Uncle Boons" "Eating out with Bill"
  Liabilities:US:Chase:Slate                       -25.82 USD
  Expenses:Food:Restaurant                          25.82 USD

2022-10-25 * "Rose Flower" "Eating out with Bill"
  Liabilities:US:Chase:Slate                       -34.91 USD
  Expenses:Food:Restaurant                          34.91 USD

2022-10-28 balance Liabilities:US:Chase:Slate    -1538.14 USD

2022-10-28 * "Rose Flower" "Eating out "
  Liabilities:US:Chase:Slate                       -39.38 USD
  Expenses:Food:Restaurant                          39.38 USD

2022-11-01 * "China Garden" "Eating out with work buddies"
  Liabilities:US:Chase:Slate                       -26.99 USD
  Expenses:Food:Restaurant                          26.99 USD

2022-11-02 * "Jewel of Morroco" "Eating out with Joe"
  Liabilities:US:Chase:Slate                       -23.31 USD
  Expenses:Food:Restaurant                          23.31 USD

2022-11-05 * "Metro Transport Authority" "Tram tickets"
  Liabilities:US:Chase:Slate                      -120.00 USD
  Expenses:Transport:Tram                          120.00 USD

2022-11-06 * "Good Moods Market" "Buying groceries"
  Liabilities:US:Chase:Slate                       -67.71 USD
  Expenses:Food:Groceries                           67.71 USD

2022-11-07 * "Cafe Modagor" "Eating out with Joe"
  Liabilities:US:Chase:Slate                       -25.80 USD
  Expenses:Food:Restaurant                          25.80 USD

2022-11-11 * "Goba Goba" "Eating out with Natasha"
  Liabilities:US:Chase:Slate                       -57.94 USD
  Expenses:Food:Restaurant                          57.94 USD

2022-11-11 * "Chase:Slate" "Paying off credit card"
  Liabilities:US:Chase:Slate                       738.61 USD
  Assets:US:BofA:Checking                         -738.61 USD

2022-11-15 * "Uncle Boons" "Eating out after work"
  Liabilities:US:Chase:Slate                       -24.35 USD
  Expenses:Food:Restaurant                          24.35 USD

2022-11-18 * "China Garden" "Eating out after work"
  Liabilities:US:Chase:Slate                       -23.76 USD
  Expenses:Food:Restaurant                          23.76 USD

2022-11-18 * "Corner Deli" "Buying groceries"
  Liabilities:US:Chase:Slate                       -44.30 USD
  Expenses:Food:Groceries                           44.30 USD

2022-11-23 * "Rose Flower" "Eating out with work buddies"
  Liabilities:US:Chase:Slate                       -46.82 USD
  Expenses:Food:Restaurant                          46.82 USD

2022-11-24 balance Liabilities:US:Chase:Slate    -1299.89 USD

2022-11-26 * "Chichipotle" "Eating out alone"
  Liabilities:US:Chase:Slate                       -29.23 USD
  Expenses:Food:Restaurant                          29.23 USD

2022-11-29 * "Uncle Boons" "Eating out with Julie"
  Liabilities:US:Chase:Slate                       -24.63 USD
  Expenses:Food:Restaurant                          24.63 USD

2022-11-30 * "Jewel of Morroco" "Eating out with Joe"
  Liabilities:US:Chase:Slate                       -67.01 USD
  Expenses:Food:Restaurant                          67.01 USD

2022-12-04 * "Goba Goba" "Eating out with Bill"
  Liabilities:US:Chase:Slate                       -26.11 USD
  Expenses:Food:Restaurant                          26.11 USD

2022-12-06 * "Rose Flower" "Eating out with Bill"
  Liabilities:US:Chase:Slate                       -30.58 USD
  Expenses:Food:Restaurant                          30.58 USD

2022-12-06 * "Corner Deli" "Buying groceries"
  Liabilities:US:Chase:Slate                      -107.62 USD
  Expenses:Food:Groceries                          107.62 USD

2022-12-06 * "Metro Transport Authority" "Tram tickets"
  Liabilities:US:Chase:Slate                      -120.00 USD
  Expenses:Transport:Tram                          120.00 USD

2022-12-09 * "Rose Flower" "Eating out with work buddies"
  Liabilities:US:Chase:Slate                       -47.24 USD
  Expenses:Food:Restaurant                          47.24 USD

2022-12-11 * "Jewel of Morroco" "Eating out with Natasha"
  Liabilities:US:Chase:Slate                       -41.47 USD
  Expenses:Food:Restaurant                          41.47 USD

2022-12-11 * "Chase:Slate" "Paying off credit card"
  Liabilities:US:Chase:Slate                       633.12 USD
  Assets:US:BofA:Checking                         -633.12 USD

2022-12-14 * "Chichipotle" "Eating out with Joe"
  Liabilities:US:Chase:Slate                       -31.37 USD
  Expenses:Food:Restaurant                          31.37 USD

2022-12-15 balance Liabilities:US:Chase:Slate    -1192.03 USD

2022-12-15 * "Uncle Boons" "Eating out with Julie"
  Liabilities:US:Chase:Slate                       -18.59 USD
  Expenses:Food:Restaurant                          18.59 USD

2022-12-17 * "Cafe Modagor" "Eating out "
  Liabilities:US:Chase:Slate                       -34.86 USD
  Expenses:Food:Restaurant                          34.86 USD

2022-12-22 * "Jewel of Morroco" "Eating out with Natasha"
  Liabilities:US:Chase:Slate                       -47.05 USD
  Expenses:Food:Restaurant                          47.05 USD

2022-12-22 * "Farmer Fresh" "Buying groceries"
  Liabilities:US:Chase:Slate                       -81.51 USD
  Expenses:Food:Groceries                           81.51 USD

2022-12-23 * "China Garden" "Eating out with Bill"
  Liabilities:US:Chase:Slate                       -21.07 USD
  Expenses:Food:Restaurant                          21.07 USD

2022-12-26 * "Rose Flower" "Eating out with Joe"
  Liabilities:US:Chase:Slate                       -19.42 USD
  Expenses:Food:Restaurant                          19.42 USD

2022-12-28 * "Cafe Modagor" "Eating out with Joe"
  Liabilities:US:Chase:Slate                       -19.52 USD
  Expenses:Food:Restaurant                          19.52 USD

2022-12-29 * "Rose Flower" "Eating out with Julie"
  Liabilities:US:Chase:Slate                       -35.25 USD
  Expenses:Food:Restaurant                          35.25 USD

2022-12-31 * "Uncle Boons" "Eating out alone"
  Liabilities:US:Chase:Slate                       -31.65 USD
  Expenses:Food:Restaurant                          31.65 USD

2023-01-01 * "Uncle Boons" "Eating out with work buddies"
  Liabilities:US:Chase:Slate                       -34.69 USD
  Expenses:Food:Restaurant                          34.69 USD

2023-01-02 * "Metro Transport Authority" "Tram tickets"
  Liabilities:US:Chase:Slate                      -120.00 USD
  Expenses:Transport:Tram                          120.00 USD

2023-01-03 * "Cafe Modagor" "Eating out with work buddies"
  Liabilities:US:Chase:Slate                       -22.83 USD
  Expenses:Food:Restaurant                          22.83 USD

2023-01-07 * "Rose Flower" "Eating out after work"
  Liabilities:US:Chase:Slate                       -21.01 USD
  Expenses:Food:Restaurant                          21.01 USD

2023-01-10 * "Onion Market" "Buying groceries"
  Liabilities:US:Chase:Slate                       -65.91 USD
  Expenses:Food:Groceries                           65.91 USD

2023-01-10 * "Chase:Slate" "Paying off credit card"
  Liabilities:US:Chase:Slate                       604.73 USD
  Assets:US:BofA:Checking                         -604.73 USD

2023-01-12 * "Goba Goba" "Eating out with Julie"
  Liabilities:US:Chase:Slate                       -21.87 USD
  Expenses:Food:Restaurant                          21.87 USD

2023-01-14 balance Liabilities:US:Chase:Slate    -1182.53 USD

2023-01-15 * "Farmer Fresh" "Buying groceries"
  Liabilities:US:Chase:Slate                       -64.05 USD
  Expenses:Food:Groceries                           64.05 USD

2023-01-16 * "Cafe Modagor" "Eating out with work buddies"
  Liabilities:US:Chase:Slate                       -24.74 USD
  Expenses:Food:Restaurant                          24.74 USD

2023-01-17 * "Rose Flower" "Eating out with Joe"
  Liabilities:US:Chase:Slate                       -17.12 USD
  Expenses:Food:Restaurant                          17.12 USD

2023-01-22 * "Kin Soy" "Eating out after work"
  Liabilities:US:Chase:Slate                       -23.67 USD
  Expenses:Food:Restaurant                          23.67 USD

2023-01-24 * "China Garden" "Eating out alone"
  Liabilities:US:Chase:Slate                       -74.67 USD
  Expenses:Food:Restaurant                          74.67 USD

2023-01-26 * "Uncle Boons" "Eating out with Natasha"
  Liabilities:US:Chase:Slate                       -35.82 USD
  Expenses:Food:Restaurant                          35.82 USD

2023-01-30 * "Kin Soy" "Eating out with Natasha"
  Liabilities:US:Chase:Slate                       -39.22 USD
  Expenses:Food:Restaurant                          39.22 USD

2023-01-31 * "Rose Flower" "Eating out alone"
  Liabilities:US:Chase:Slate                       -44.99 USD
  Expenses:Food:Restaurant                          44.99 USD

2023-02-01 * "Rose Flower" "Eating out with Julie"
  Liabilities:US:Chase:Slate                       -43.24 USD
  Expenses:Food:Restaurant                          43.24 USD

2023-02-02 * "Metro Transport Authority" "Tram tickets"
  Liabilities:US:Chase:Slate                      -120.00 USD
  Expenses:Transport:Tram                          120.00 USD

2023-02-04 * "Cafe Modagor" "Eating out alone"
  Liabilities:US:Chase:Slate                       -33.41 USD
  Expenses:Food:Restaurant                          33.41 USD

2023-02-04 * "Farmer Fresh" "Buying groceries"
  Liabilities:US:Chase:Slate                       -66.61 USD
  Expenses:Food:Groceries                           66.61 USD

2023-02-05 * "Jewel of Morroco" "Eating out with Joe"
  Liabilities:US:Chase:Slate                       -40.67 USD
  Expenses:Food:Restaurant                          40.67 USD

2023-02-08 * "Chase:Slate" "Paying off credit card"
  Liabilities:US:Chase:Slate                       684.27 USD
  Assets:US:BofA:Checking                         -684.27 USD

2023-02-10 balance Liabilities:US:Chase:Slate    -1126.47 USD

2023-02-10 * "Chichipotle" "Eating out with work buddies"
  Liabilities:US:Chase:Slate                       -34.19 USD
  Expenses:Food:Restaurant                          34.19 USD

2023-02-12 * "Uncle Boons" "Eating out with Julie"
  Liabilities:US:Chase:Slate                       -22.49 USD
  Expenses:Food:Restaurant                          22.49 USD

2023-02-17 * "Rose Flower" "Eating out "
  Liabilities:US:Chase:Slate                       -39.38 USD
  Expenses:Food:Restaurant                          39.38 USD

2023-02-18 * "Cafe Modagor" "Eating out with work buddies"
  Liabilities:US:Chase:Slate                       -40.73 USD
  Expenses:Food:Restaurant                          40.73 USD

2023-02-19 * "Kin Soy" "Eating out alone"
  Liabilities:US:Chase:Slate                       -67.28 USD
  Expenses:Food:Restaurant                          67.28 USD

2023-02-21 * "China Garden" "Eating out after work"
  Liabilities:US:Chase:Slate                       -24.97 USD
  Expenses:Food:Restaurant                          24.97 USD

2023-02-22 * "Farmer Fresh" "Buying groceries"
  Liabilities:US:Chase:Slate                      -112.47 USD
  Expenses:Food:Groceries                          112.47 USD

2023-02-25 * "Rose Flower" "Eating out with Julie"
  Liabilities:US:Chase:Slate                       -36.67 USD
  Expenses:Food:Restaurant                          36.67 USD

2023-02-28 * "Chichipotle" "Eating out with Bill"
  Liabilities:US:Chase:Slate                       -23.22 USD
  Expenses:Food:Restaurant                          23.22 USD

2023-03-01 * "Cafe Modagor" "Eating out with Julie"
  Liabilities:US:Chase:Slate                       -28.67 USD
  Expenses:Food:Restaurant                          28.67 USD

2023-03-03 balance Liabilities:US:Chase:Slate    -1556.54 USD

2023-03-03 * "China Garden" "Eating out with work buddies"
  Liabilities:US:Chase:Slate                       -17.48 USD
  Expenses:Food:Restaurant                          17.48 USD

2023-03-06 * "Good Moods Market" "Buying groceries"
  Liabilities:US:Chase:Slate                       -76.38 USD
  Expenses:Food:Groceries                           76.38 USD

2023-03-07 * "Metro Transport Authority" "Tram tickets"
  Liabilities:US:Chase:Slate                      -120.00 USD
  Expenses:Transport:Tram                          120.00 USD

2023-03-08 * "Jewel of Morroco" "Eating out alone"
  Liabilities:US:Chase:Slate                       -33.37 USD
  Expenses:Food:Restaurant                          33.37 USD

2023-03-09 * "Chase:Slate" "Paying off credit card"
  Liabilities:US:Chase:Slate                       661.60 USD
  Assets:US:BofA:Checking                         -661.60 USD

2023-03-12 * "China Garden" "Eating out "
  Liabilities:US:Chase:Slate                       -18.49 USD
  Expenses:Food:Restaurant                          18.49 USD

2023-03-14 * "Cafe Modagor" "Eating out with Joe"
  Liabilities:US:Chase:Slate                      -137.62 USD
  Expenses:Food:Restaurant                         137.62 USD

2023-03-15 * "Cafe Modagor" "Eating out alone"
  Liabilities:US:Chase:Slate                       -26.50 USD
  Expenses:Food:Restaurant                          26.50 USD

2023-03-16 * "Corner Deli" "Buying groceries"
  Liabilities:US:Chase:Slate                       -79.70 USD
  Expenses:Food:Groceries                           79.70 USD

2023-03-20 * "Jewel of Morroco" "Eating out with Julie"
  Liabilities:US:Chase:Slate                       -68.20 USD
  Expenses:Food:Restaurant                          68.20 USD

2023-03-21 * "Chichipotle" "Eating out with Natasha"
  Liabilities:US:Chase:Slate                       -67.22 USD
  Expenses:Food:Restaurant                          67.22 USD

2023-03-23 * "Jewel of Morroco" "Eating out "
  Liabilities:US:Chase:Slate                       -47.44 USD
  Expenses:Food:Restaurant                          47.44 USD

2023-03-26 * "Jewel of Morroco" "Eating out with Julie"
  Liabilities:US:Chase:Slate                       -45.60 USD
  Expenses:Food:Restaurant                          45.60 USD

2023-03-31 * "Uncle Boons" "Eating out "
  Liabilities:US:Chase:Slate                       -59.45 USD
  Expenses:Food:Restaurant                          59.45 USD

2023-04-02 balance Liabilities:US:Chase:Slate    -1692.39 USD

2023-04-03 * "Metro Transport Authority" "Tram tickets"
  Liabilities:US:Chase:Slate                      -120.00 USD
  Expenses:Transport:Tram                          120.00 USD

2023-04-05 * "Uncle Boons" "Eating out with work buddies"
  Liabilities:US:Chase:Slate                        -8.56 USD
  Expenses:Food:Restaurant                           8.56 USD

2023-04-05 * "Good Moods Market" "Buying groceries"
  Liabilities:US:Chase:Slate                       -68.76 USD
  Expenses:Food:Groceries                           68.76 USD

2023-04-06 * "Rose Flower" "Eating out with Natasha"
  Liabilities:US:Chase:Slate                       -29.14 USD
  Expenses:Food:Restaurant                          29.14 USD

2023-04-07 * "Chase:Slate" "Paying off credit card"
  Liabilities:US:Chase:Slate                       798.88 USD
  Assets:US:BofA:Checking                         -798.88 USD

2023-04-09 * "Goba Goba" "Eating out "
  Liabilities:US:Chase:Slate                       -40.69 USD
  Expenses:Food:Restaurant                          40.69 USD

2023-04-10 * "China Garden" "Eating out "
  Liabilities:US:Chase:Slate                       -24.82 USD
  Expenses:Food:Restaurant                          24.82 USD

2023-04-12 * "Goba Goba" "Eating out with Bill"
  Liabilities:US:Chase:Slate                       -28.80 USD
  Expenses:Food:Restaurant                          28.80 USD

2023-04-14 * "Kin Soy" "Eating out after work"
  Liabilities:US:Chase:Slate                       -37.12 USD
  Expenses:Food:Restaurant                          37.12 USD

2023-04-18 * "Kin Soy" "Eating out with Joe"
  Liabilities:US:Chase:Slate                       -33.49 USD
  Expenses:Food:Restaurant                          33.49 USD

2023-04-21 * "Goba Goba" "Eating out with Natasha"
  Liabilities:US:Chase:Slate                       -40.42 USD
  Expenses:Food:Restaurant                          40.42 USD

2023-04-22 balance Liabilities:US:Chase:Slate    -1325.31 USD

2023-04-24 * "Kin Soy" "Eating out with work buddies"
  Liabilities:US:Chase:Slate                       -19.21 USD
  Expenses:Food:Restaurant                          19.21 USD

2023-04-25 * "Chichipotle" "Eating out with Julie"
  Liabilities:US:Chase:Slate                       -34.45 USD
  Expenses:Food:Restaurant                          34.45 USD

2023-04-25 * "Corner Deli" "Buying groceries"
  Liabilities:US:Chase:Slate                      -106.59 USD
  Expenses:Food:Groceries                          106.59 USD

2023-04-26 * "Jewel of Morroco" "Eating out with Julie"
  Liabilities:US:Chase:Slate                       -29.69 USD
  Expenses:Food:Restaurant                          29.69 USD

2023-04-27 * "Goba Goba" "Eating out with work buddies"
  Liabilities:US:Chase:Slate                       -24.46 USD
  Expenses:Food:Restaurant                          24.46 USD

2023-04-30 * "Rose Flower" "Eating out "
  Liabilities:US:Chase:Slate                       -15.21 USD
  Expenses:Food:Restaurant                          15.21 USD

2023-05-01 * "Kin Soy" "Eating out with work buddies"
  Liabilities:US:Chase:Slate                       -24.34 USD
  Expenses:Food:Restaurant                          24.34 USD

2023-05-04 * "Kin Soy" "Eating out with Julie"
  Liabilities:US:Chase:Slate                       -59.94 USD
  Expenses:Food:Restaurant                          59.94 USD

2023-05-04 * "Metro Transport Authority" "Tram tickets"
  Liabilities:US:Chase:Slate                      -120.00 USD
  Expenses:Transport:Tram                          120.00 USD

2023-05-07 * "Chichipotle" "Eating out with Julie"
  Liabilities:US:Chase:Slate                       -62.95 USD
  Expenses:Food:Restaurant                          62.95 USD

2023-05-09 * "Rose Flower" "Eating out with Julie"
  Liabilities:US:Chase:Slate                       -19.85 USD
  Expenses:Food:Restaurant                          19.85 USD

2023-05-10 * "Chase:Slate" "Paying off credit card"
  Liabilities:US:Chase:Slate                       760.44 USD
  Assets:US:BofA:Checking                         -760.44 USD

2023-05-12 * "Farmer Fresh" "Buying groceries"
  Liabilities:US:Chase:Slate                       -79.10 USD
  Expenses:Food:Groceries                           79.10 USD

2023-05-13 * "Uncle Boons" "Eating out "
  Liabilities:US:Chase:Slate                       -18.03 USD
  Expenses:Food:Restaurant                          18.03 USD

2023-05-15 * "Kin Soy" "Eating out with Joe"
  Liabilities:US:Chase:Slate                       -55.30 USD
  Expenses:Food:Restaurant                          55.30 USD

2023-05-20 balance Liabilities:US:Chase:Slate    -1233.99 USD

2023-05-20 * "Cafe Modagor" "Eating out with Bill"
  Liabilities:US:Chase:Slate                       -47.07 USD
  Expenses:Food:Restaurant                          47.07 USD

2023-05-21 * "Good Moods Market" "Buying groceries"
  Liabilities:US:Chase:Slate                       -72.13 USD
  Expenses:Food:Groceries                           72.13 USD

2023-05-22 * "Jewel of Morroco" "Eating out with Joe"
  Liabilities:US:Chase:Slate                       -33.61 USD
  Expenses:Food:Restaurant                          33.61 USD

2023-05-26 * "Goba Goba" "Eating out with Joe"
  Liabilities:US:Chase:Slate                       -27.98 USD
  Expenses:Food:Restaurant                          27.98 USD

2023-05-31 * "Goba Goba" "Eating out with Natasha"
  Liabilities:US:Chase:Slate                       -21.61 USD
  Expenses:Food:Restaurant                          21.61 USD

2023-06-02 * "Rose Flower" "Eating out with Joe"
  Liabilities:US:Chase:Slate                       -33.41 USD
  Expenses:Food:Restaurant                          33.41 USD

2023-06-04 * "Uncle Boons" "Eating out with Joe"
  Liabilities:US:Chase:Slate                       -23.69 USD
  Expenses:Food:Restaurant                          23.69 USD

2023-06-06 * "Metro Transport Authority" "Tram tickets"
  Liabilities:US:Chase:Slate                      -120.00 USD
  Expenses:Transport:Tram                          120.00 USD

2023-06-07 * "Chase:Slate" "Paying off credit card"
  Liabilities:US:Chase:Slate                       524.13 USD
  Assets:US:BofA:Checking                         -524.13 USD

2023-06-08 * "Rose Flower" "Eating out with work buddies"
  Liabilities:US:Chase:Slate                       -71.30 USD
  Expenses:Food:Restaurant                          71.30 USD

2023-06-08 * "Farmer Fresh" "Buying groceries"
  Liabilities:US:Chase:Slate                       -69.60 USD
  Expenses:Food:Groceries                           69.60 USD

2023-06-12 balance Liabilities:US:Chase:Slate    -1230.26 USD

2023-06-12 * "Cafe Modagor" "Eating out with Julie"
  Liabilities:US:Chase:Slate                       -53.02 USD
  Expenses:Food:Restaurant                          53.02 USD

2023-06-16 * "Goba Goba" "Eating out with Julie"
  Liabilities:US:Chase:Slate                       -21.12 USD
  Expenses:Food:Restaurant                          21.12 USD

2023-06-18 * "Good Moods Market" "Buying groceries"
  Liabilities:US:Chase:Slate                       -76.92 USD
  Expenses:Food:Groceries                           76.92 USD

2023-06-19 * "Chichipotle" "Eating out with work buddies"
  Liabilities:US:Chase:Slate                       -25.07 USD
  Expenses:Food:Restaurant                          25.07 USD

2023-06-20 * "Rose Flower" "Eating out with Bill"
  Liabilities:US:Chase:Slate                       -17.51 USD
  Expenses:Food:Restaurant                          17.51 USD

2023-06-21 * "Chichipotle" "Eating out alone"
  Liabilities:US:Chase:Slate                       -33.29 USD
  Expenses:Food:Restaurant                          33.29 USD

2023-06-23 * "Rose Flower" "Eating out with Natasha"
  Liabilities:US:Chase:Slate                       -24.88 USD
  Expenses:Food:Restaurant                          24.88 USD

2023-06-24 * "Good Moods Market" "Buying groceries"
  Liabilities:US:Chase:Slate                       -54.50 USD
  Expenses:Food:Groceries                           54.50 USD

2023-06-26 * "Kin Soy" "Eating out with Julie"
  Liabilities:US:Chase:Slate                       -41.05 USD
  Expenses:Food:Restaurant                          41.05 USD

2023-07-01 * "China Garden" "Eating out alone"
  Liabilities:US:Chase:Slate                       -19.01 USD
  Expenses:Food:Restaurant                          19.01 USD

2023-07-03 * "Uncle Boons" "Eating out alone"
  Liabilities:US:Chase:Slate                       -34.21 USD
  Expenses:Food:Restaurant                          34.21 USD

2023-07-05 * "Goba Goba" "Eating out alone"
  Liabilities:US:Chase:Slate                       -33.51 USD
  Expenses:Food:Restaurant                          33.51 USD

2023-07-05 * "Metro Transport Authority" "Tram tickets"
  Liabilities:US:Chase:Slate                      -120.00 USD
  Expenses:Transport:Tram                          120.00 USD

2023-07-07 * "Goba Goba" "Eating out with Julie"
  Liabilities:US:Chase:Slate                       -21.65 USD
  Expenses:Food:Restaurant                          21.65 USD

2023-07-08 * "Onion Market" "Buying groceries"
  Liabilities:US:Chase:Slate                       -39.71 USD
  Expenses:Food:Groceries                           39.71 USD

2023-07-10 * "Chichipotle" "Eating out with Natasha"
  Liabilities:US:Chase:Slate                       -22.81 USD
  Expenses:Food:Restaurant                          22.81 USD

2023-07-12 balance Liabilities:US:Chase:Slate    -1868.52 USD

2023-07-13 * "Chichipotle" "Eating out with Julie"
  Liabilities:US:Chase:Slate                       -18.79 USD
  Expenses:Food:Restaurant                          18.79 USD

2023-07-17 * "Goba Goba" "Eating out "
  Liabilities:US:Chase:Slate                       -25.76 USD
  Expenses:Food:Restaurant                          25.76 USD

2023-07-21 * "China Garden" "Eating out with Joe"
  Liabilities:US:Chase:Slate                       -24.80 USD
  Expenses:Food:Restaurant                          24.80 USD

2023-07-22 * "Chichipotle" "Eating out with Bill"
  Liabilities:US:Chase:Slate                       -36.29 USD
  Expenses:Food:Restaurant                          36.29 USD

2023-07-27 * "Kin Soy" "Eating out after work"
  Liabilities:US:Chase:Slate                       -21.61 USD
  Expenses:Food:Restaurant                          21.61 USD

2023-07-28 * "Corner Deli" "Buying groceries"
  Liabilities:US:Chase:Slate                       -54.68 USD
  Expenses:Food:Groceries                           54.68 USD

2023-07-30 * "Cafe Modagor" "Eating out alone"
  Liabilities:US:Chase:Slate                       -38.57 USD
  Expenses:Food:Restaurant                          38.57 USD



* Taxable Investments

2021-01-01 open Assets:US:ETrade:Cash                       USD
2021-01-01 open Assets:US:ETrade:ITOT                       ITOT
2021-01-01 open Assets:US:ETrade:VEA                       VEA
2021-01-01 open Assets:US:ETrade:VHT                       VHT
2021-01-01 open Assets:US:ETrade:GLD                       GLD
2021-01-01 open Income:US:ETrade:PnL                        USD
2021-01-01 open Income:US:ETrade:ITOT:Dividend              USD
2021-01-01 open Income:US:ETrade:VEA:Dividend              USD
2021-01-01 open Income:US:ETrade:VHT:Dividend              USD
2021-01-01 open Income:US:ETrade:GLD:Dividend              USD

2021-09-18 * "Dividends on portfolio"
  Assets:US:ETrade:Cash                              0.00 USD
  Income:US:ETrade:VHT:Dividend                      0.00 USD

2021-09-22 * "Buy shares of ITOT"
  Assets:US:ETrade:Cash                          -1379.51 USD
  Assets:US:ETrade:ITOT                                16 ITOT {85.66 USD, 2021-09-22}
  Expenses:Financial:Commissions                     8.95 USD

2021-09-22 * "Buy shares of VHT"
  Assets:US:ETrade:Cash                          -1369.93 USD
  Assets:US:ETrade:VHT                                 18 VHT {75.61 USD, 2021-09-22}
  Expenses:Financial:Commissions                     8.95 USD

2021-09-22 * "Buy shares of GLD"
  Assets:US:ETrade:Cash                          -1280.15 USD
  Assets:US:ETrade:GLD                                  7 GLD {181.60 USD, 2021-09-22}
  Expenses:Financial:Commissions                     8.95 USD

2021-11-13 * "Buy shares of VHT"
  Assets:US:ETrade:Cash                           -766.15 USD
  Assets:US:ETrade:VHT                                 10 VHT {75.72 USD, 2021-11-13}
  Expenses:Financial:Commissions                     8.95 USD

2021-11-13 * "Buy shares of VEA"
  Assets:US:ETrade:Cash                           -777.52 USD
  Assets:US:ETrade:VEA                                 11 VEA {69.87 USD, 2021-11-13}
  Expenses:Financial:Commissions                     8.95 USD

2021-11-13 * "Buy shares of GLD"
  Assets:US:ETrade:Cash                           -782.39 USD
  Assets:US:ETrade:GLD                                  4 GLD {193.36 USD, 2021-11-13}
  Expenses:Financial:Commissions                     8.95 USD

2021-11-13 * "Buy shares of ITOT"
  Assets:US:ETrade:Cash                           -751.27 USD
  Assets:US:ETrade:ITOT                                 8 ITOT {92.79 USD, 2021-11-13}
  Expenses:Financial:Commissions                     8.95 USD

2021-12-17 * "Dividends on portfolio"
  Assets:US:ETrade:Cash                             28.18 USD
  Income:US:ETrade:VEA:Dividend                    -28.18 USD

2021-12-28 * "Sell shares of ITOT"
  Assets:US:ETrade:ITOT                               -16 ITOT {85.66 USD, 2021-09-22} @ 90.10 USD
  Assets:US:ETrade:Cash                           1432.65 USD
  Expenses:Financial:Commissions                     8.95 USD
  Income:US:ETrade:PnL                             -71.04 USD

2022-01-05 * "Buy shares of VHT"
  Assets:US:ETrade:Cash                           -552.85 USD
  Assets:US:ETrade:VHT                                  7 VHT {77.70 USD, 2022-01-05}
  Expenses:Financial:Commissions                     8.95 USD

2022-01-05 * "Buy shares of VEA"
  Assets:US:ETrade:Cash                           -569.91 USD
  Assets:US:ETrade:VEA                                  8 VEA {70.12 USD, 2022-01-05}
  Expenses:Financial:Commissions                     8.95 USD

2022-01-05 * "Buy shares of ITOT"
  Assets:US:ETrade:Cash                           -547.45 USD
  Assets:US:ETrade:ITOT                                 6 ITOT {89.75 USD, 2022-01-05}
  Expenses:Financial:Commissions                     8.95 USD

2022-03-18 * "Dividends on portfolio"
  Assets:US:ETrade:Cash                             34.75 USD
  Income:US:ETrade:ITOT:Dividend                   -34.75 USD

2022-06-16 * "Sell shares of GLD"
  Assets:US:ETrade:GLD                                 -4 GLD {193.36 USD, 2021-11-13} @ 190.59 USD
  Assets:US:ETrade:Cash                            753.41 USD
  Expenses:Financial:Commissions                     8.95 USD
  Income:US:ETrade:PnL                              11.08 USD

2022-06-18 * "Dividends on portfolio"
  Assets:US:ETrade:Cash                             34.75 USD
  Income:US:ETrade:VEA:Dividend                    -34.75 USD

2022-09-10 * "Buy shares of GLD"
  Assets:US:ETrade:Cash                           -757.47 USD
  Assets:US:ETrade:GLD                                  4 GLD {187.13 USD, 2022-09-10}
  Expenses:Financial:Commissions                     8.95 USD

2022-09-10 * "Buy shares of VHT"
  Assets:US:ETrade:Cash                           -881.47 USD
  Assets:US:ETrade:VHT                                 12 VHT {72.71 USD, 2022-09-10}
  Expenses:Financial:Commissions                     8.95 USD

2022-09-10 * "Buy shares of ITOT"
  Assets:US:ETrade:Cash                           -826.20 USD
  Assets:US:ETrade:ITOT                                 7 ITOT {116.75 USD, 2022-09-10}
  Expenses:Financial:Commissions                     8.95 USD

2022-09-10 * "Buy shares of VEA"
  Assets:US:ETrade:Cash                           -868.93 USD
  Assets:US:ETrade:VEA                                 11 VEA {78.18 USD, 2022-09-10}
  Expenses:Financial:Commissions                     8.95 USD

2022-09-18 * "Dividends on portfolio"
  Assets:US:ETrade:Cash                             47.94 USD
  Income:US:ETrade:ITOT:Dividend                   -47.94 USD

2022-10-19 * "Sell shares of VHT"
  Assets:US:ETrade:VHT                                 -7 VHT {77.70 USD, 2022-01-05} @ 75.39 USD
  Assets:US:ETrade:Cash                            518.78 USD
  Expenses:Financial:Commissions                     8.95 USD
  Income:US:ETrade:PnL                              16.17 USD

2022-10-22 * "Buy shares of ITOT"
  Assets:US:ETrade:Cash                          -1240.55 USD
  Assets:US:ETrade:ITOT                                10 ITOT {123.16 USD, 2022-10-22}
  Expenses:Financial:Commissions                     8.95 USD

2022-10-22 * "Buy shares of GLD"
  Assets:US:ETrade:Cash                          -1243.93 USD
  Assets:US:ETrade:GLD                                  6 GLD {205.83 USD, 2022-10-22}
  Expenses:Financial:Commissions                     8.95 USD

2022-10-22 * "Buy shares of VEA"
  Assets:US:ETrade:Cash                          -1294.71 USD
  Assets:US:ETrade:VEA                                 16 VEA {80.36 USD, 2022-10-22}
  Expenses:Financial:Commissions                     8.95 USD

2022-10-22 * "Buy shares of VHT"
  Assets:US:ETrade:Cash                          -1266.61 USD
  Assets:US:ETrade:VHT                                 17 VHT {73.98 USD, 2022-10-22}
  Expenses:Financial:Commissions                     8.95 USD

2022-12-17 * "Dividends on portfolio"
  Assets:US:ETrade:Cash                             67.98 USD
  Income:US:ETrade:VEA:Dividend                    -67.98 USD

2022-12-28 * "Sell shares of GLD"
  Assets:US:ETrade:GLD                                 -6 GLD {205.83 USD, 2022-10-22} @ 201.73 USD
  Assets:US:ETrade:Cash                           1201.43 USD
  Expenses:Financial:Commissions                     8.95 USD
  Income:US:ETrade:PnL                              24.60 USD

2023-01-22 * "Sell shares of VHT"
  Assets:US:ETrade:VHT                                -18 VHT {75.61 USD, 2021-09-22} @ 73.04 USD
  Assets:US:ETrade:Cash                           1305.77 USD
  Expenses:Financial:Commissions                     8.95 USD
  Income:US:ETrade:PnL                              46.26 USD

2023-01-23 * "Buy shares of VHT"
  Assets:US:ETrade:Cash                          -1469.75 USD
  Assets:US:ETrade:VHT                                 20 VHT {73.04 USD, 2023-01-23}
  Expenses:Financial:Commissions                     8.95 USD

2023-01-23 * "Buy shares of VEA"
  Assets:US:ETrade:Cash                          -1475.77 USD
  Assets:US:ETrade:VEA                                 18 VEA {81.49 USD, 2023-01-23}
  Expenses:Financial:Commissions                     8.95 USD

2023-03-18 * "Dividends on portfolio"
  Assets:US:ETrade:Cash                             79.69 USD
  Income:US:ETrade:GLD:Dividend                    -79.69 USD

2023-04-12 * "Sell shares of ITOT"
  Assets:US:ETrade:ITOT                               -10 ITOT {123.16 USD, 2022-10-22} @ 119.63 USD
  Assets:US:ETrade:Cash                           1187.35 USD
  Expenses:Financial:Commissions                     8.95 USD
  Income:US:ETrade:PnL                              35.30 USD

2023-04-13 * "Sell shares of GLD"
  Assets:US:ETrade:GLD                                 -7 GLD {181.60 USD, 2021-09-22} @ 212.76 USD
  Assets:US:ETrade:Cash                           1480.37 USD
  Expenses:Financial:Commissions                     8.95 USD
  Income:US:ETrade:PnL                            -218.12 USD

2023-04-14 * "Buy shares of VEA"
  Assets:US:ETrade:Cash                           -578.33 USD
  Assets:US:ETrade:VEA                                  7 VEA {81.34 USD, 2023-04-14}
  Expenses:Financial:Commissions                     8.95 USD

2023-04-14 * "Buy shares of ITOT"
  Assets:US:ETrade:Cash                           -494.23 USD
  Assets:US:ETrade:ITOT                                 4 ITOT {121.32 USD, 2023-04-14}
  Expenses:Financial:Commissions                     8.95 USD

2023-04-14 * "Buy shares of VHT"
  Assets:US:ETrade:Cash                           -565.59 USD
  Assets:US:ETrade:VHT                                  7 VHT {79.52 USD, 2023-04-14}
  Expenses:Financial:Commissions                     8.95 USD

2023-04-14 * "Buy shares of GLD"
  Assets:US:ETrade:Cash                           -435.19 USD
  Assets:US:ETrade:GLD                                  2 GLD {213.12 USD, 2023-04-14}
  Expenses:Financial:Commissions                     8.95 USD

2023-05-02 * "Sell shares of ITOT"
  Assets:US:ETrade:ITOT                                -8 ITOT {92.79 USD, 2021-11-13} @ 122.03 USD
  Assets:US:ETrade:Cash                            967.29 USD
  Expenses:Financial:Commissions                     8.95 USD
  Income:US:ETrade:PnL                            -233.92 USD

2023-05-06 * "Buy shares of VHT"
  Assets:US:ETrade:Cash                           -499.03 USD
  Assets:US:ETrade:VHT                                  6 VHT {81.68 USD, 2023-05-06}
  Expenses:Financial:Commissions                     8.95 USD

2023-05-06 * "Buy shares of ITOT"
  Assets:US:ETrade:Cash                           -384.55 USD
  Assets:US:ETrade:ITOT                                 3 ITOT {125.20 USD, 2023-05-06}
  Expenses:Financial:Commissions                     8.95 USD

2023-05-06 * "Buy shares of VEA"
  Assets:US:ETrade:Cash                           -491.29 USD
  Assets:US:ETrade:VEA                                  6 VEA {80.39 USD, 2023-05-06}
  Expenses:Financial:Commissions                     8.95 USD

2023-06-18 * "Dividends on portfolio"
  Assets:US:ETrade:Cash                             93.24 USD
  Income:US:ETrade:VEA:Dividend                    -93.24 USD

2023-07-25 * "Buy shares of ITOT"
  Assets:US:ETrade:Cash                          -1114.87 USD
  Assets:US:ETrade:ITOT                                 8 ITOT {138.24 USD, 2023-07-25}
  Expenses:Financial:Commissions                     8.95 USD

2023-07-25 * "Buy shares of VEA"
  Assets:US:ETrade:Cash                          -1173.61 USD
  Assets:US:ETrade:VEA                                 14 VEA {83.19 USD, 2023-07-25}
  Expenses:Financial:Commissions                     8.95 USD

2023-07-25 * "Buy shares of VHT"
  Assets:US:ETrade:Cash                          -1173.10 USD
  Assets:US:ETrade:VHT                                 15 VHT {77.61 USD, 2023-07-25}
  Expenses:Financial:Commissions                     8.95 USD



* Vanguard Investments

2021-01-01 open Assets:US:Vanguard:VBMPX                     VBMPX
  number: "882882"
2021-01-01 open Assets:US:Vanguard:RGAGX                     RGAGX
  number: "882882"
2021-01-01 open Assets:US:Vanguard                            USD
  address: "P.O. Box 1110, Valley Forge, PA 19482-1110"
  institution: "Vanguard Group"
  phone: "+1.800.523.1188"
2021-01-01 open Income:US:Hoogle:Match401k                   USD
2021-01-01 open Assets:US:Vanguard:Cash                       USD
  number: "882882"

2021-01-08 * "Employer match for contribution"
  Assets:US:Vanguard:Cash                          600.00 USD
  Income:US:Hoogle:Match401k                      -600.00 USD

2021-01-11 * "Investing 40% of cash in VBMPX"
  Assets:US:Vanguard:VBMPX                          2.806 VBMPX {171.06 USD, 2021-01-11}
  Assets:US:Vanguard:Cash                         -479.99 USD

2021-01-11 * "Investing 60% of cash in RGAGX"
  Assets:US:Vanguard:RGAGX                          8.898 RGAGX {80.92 USD, 2021-01-11}
  Assets:US:Vanguard:Cash                         -720.03 USD

2021-01-11 * "Investing 40% of cash in VBMPX"
  Assets:US:Vanguard:VBMPX                          1.403 VBMPX {171.06 USD, 2021-01-11}
  Assets:US:Vanguard:Cash                         -240.00 USD

2021-01-11 * "Investing 60% of cash in RGAGX"
  Assets:US:Vanguard:RGAGX                          4.449 RGAGX {80.92 USD, 2021-01-11}
  Assets:US:Vanguard:Cash                         -360.01 USD

2021-01-22 * "Employer match for contribution"
  Assets:US:Vanguard:Cash                          600.00 USD
  Income:US:Hoogle:Match401k                      -600.00 USD

2021-01-25 * "Investing 40% of cash in VBMPX"
  Assets:US:Vanguard:VBMPX                          2.809 VBMPX {170.89 USD, 2021-01-25}
  Assets:US:Vanguard:Cash                         -480.03 USD

2021-01-25 * "Investing 60% of cash in RGAGX"
  Assets:US:Vanguard:RGAGX                          8.761 RGAGX {82.18 USD, 2021-01-25}
  Assets:US:Vanguard:Cash                         -719.98 USD

2021-01-25 * "Investing 40% of cash in VBMPX"
  Assets:US:Vanguard:VBMPX                          1.404 VBMPX {170.89 USD, 2021-01-25}
  Assets:US:Vanguard:Cash                         -239.93 USD

2021-01-25 * "Investing 60% of cash in RGAGX"
  Assets:US:Vanguard:RGAGX                          4.380 RGAGX {82.18 USD, 2021-01-25}
  Assets:US:Vanguard:Cash                         -359.95 USD

2021-02-05 * "Employer match for contribution"
  Assets:US:Vanguard:Cash                          600.00 USD
  Income:US:Hoogle:Match401k                      -600.00 USD

2021-02-08 * "Investing 40% of cash in VBMPX"
  Assets:US:Vanguard:VBMPX                          2.834 VBMPX {169.36 USD, 2021-02-08}
  Assets:US:Vanguard:Cash                         -479.97 USD

2021-02-08 * "Investing 60% of cash in RGAGX"
  Assets:US:Vanguard:RGAGX                          8.830 RGAGX {81.55 USD, 2021-02-08}
  Assets:US:Vanguard:Cash                         -720.09 USD

2021-02-08 * "Investing 40% of cash in VBMPX"
  Assets:US:Vanguard:VBMPX                          1.417 VBMPX {169.36 USD, 2021-02-08}
  Assets:US:Vanguard:Cash                         -239.98 USD

2021-02-08 * "Investing 60% of cash in RGAGX"
  Assets:US:Vanguard:RGAGX                          4.415 RGAGX {81.55 USD, 2021-02-08}
  Assets:US:Vanguard:Cash                         -360.04 USD

2021-02-19 * "Employer match for contribution"
  Assets:US:Vanguard:Cash                          600.00 USD
  Income:US:Hoogle:Match401k                      -600.00 USD

2021-02-22 * "Investing 40% of cash in VBMPX"
  Assets:US:Vanguard:VBMPX                          2.813 VBMPX {170.61 USD, 2021-02-22}
  Assets:US:Vanguard:Cash                         -479.93 USD

2021-02-22 * "Investing 60% of cash in RGAGX"
  Assets:US:Vanguard:RGAGX                          9.070 RGAGX {79.38 USD, 2021-02-22}
  Assets:US:Vanguard:Cash                         -719.98 USD

2021-02-22 * "Investing 40% of cash in VBMPX"
  Assets:US:Vanguard:VBMPX                          1.407 VBMPX {170.61 USD, 2021-02-22}
  Assets:US:Vanguard:Cash                         -240.05 USD

2021-02-22 * "Investing 60% of cash in RGAGX"
  Assets:US:Vanguard:RGAGX                          4.536 RGAGX {79.38 USD, 2021-02-22}
  Assets:US:Vanguard:Cash                         -360.07 USD

2021-03-05 * "Employer match for contribution"
  Assets:US:Vanguard:Cash                          600.00 USD
  Income:US:Hoogle:Match401k                      -600.00 USD

2021-03-08 * "Investing 40% of cash in VBMPX"
  Assets:US:Vanguard:VBMPX                          2.808 VBMPX {170.94 USD, 2021-03-08}
  Assets:US:Vanguard:Cash                         -480.00 USD

2021-03-08 * "Investing 60% of cash in RGAGX"
  Assets:US:Vanguard:RGAGX                          8.841 RGAGX {81.44 USD, 2021-03-08}
  Assets:US:Vanguard:Cash                         -720.01 USD

2021-03-08 * "Investing 40% of cash in VBMPX"
  Assets:US:Vanguard:VBMPX                          1.404 VBMPX {170.94 USD, 2021-03-08}
  Assets:US:Vanguard:Cash                         -240.00 USD

2021-03-08 * "Investing 60% of cash in RGAGX"
  Assets:US:Vanguard:RGAGX                          4.420 RGAGX {81.44 USD, 2021-03-08}
  Assets:US:Vanguard:Cash                         -359.96 USD

2021-03-19 * "Employer match for contribution"
  Assets:US:Vanguard:Cash                          600.00 USD
  Income:US:Hoogle:Match401k                      -600.00 USD

2021-03-22 * "Investing 40% of cash in VBMPX"
  Assets:US:Vanguard:VBMPX                          2.819 VBMPX {170.29 USD, 2021-03-22}
  Assets:US:Vanguard:Cash                         -480.05 USD

2021-03-22 * "Investing 60% of cash in RGAGX"
  Assets:US:Vanguard:RGAGX                          8.613 RGAGX {83.59 USD, 2021-03-22}
  Assets:US:Vanguard:Cash                         -719.96 USD

2021-03-22 * "Investing 40% of cash in VBMPX"
  Assets:US:Vanguard:VBMPX                          1.409 VBMPX {170.29 USD, 2021-03-22}
  Assets:US:Vanguard:Cash                         -239.94 USD

2021-03-22 * "Investing 60% of cash in RGAGX"
  Assets:US:Vanguard:RGAGX                          4.307 RGAGX {83.59 USD, 2021-03-22}
  Assets:US:Vanguard:Cash                         -360.02 USD

2021-04-02 * "Employer match for contribution"
  Assets:US:Vanguard:Cash                          600.00 USD
  Income:US:Hoogle:Match401k                      -600.00 USD

2021-04-05 * "Investing 40% of cash in VBMPX"
  Assets:US:Vanguard:VBMPX                          2.789 VBMPX {172.09 USD, 2021-04-05}
  Assets:US:Vanguard:Cash                         -479.96 USD

2021-04-05 * "Investing 60% of cash in RGAGX"
  Assets:US:Vanguard:RGAGX                          8.454 RGAGX {85.17 USD, 2021-04-05}
  Assets:US:Vanguard:Cash                         -720.03 USD

2021-04-05 * "Investing 40% of cash in VBMPX"
  Assets:US:Vanguard:VBMPX                          1.395 VBMPX {172.09 USD, 2021-04-05}
  Assets:US:Vanguard:Cash                         -240.07 USD

2021-04-05 * "Investing 60% of cash in RGAGX"
  Assets:US:Vanguard:RGAGX                          4.227 RGAGX {85.17 USD, 2021-04-05}
  Assets:US:Vanguard:Cash                         -360.01 USD

2021-04-16 * "Employer match for contribution"
  Assets:US:Vanguard:Cash                          600.00 USD
  Income:US:Hoogle:Match401k                      -600.00 USD

2021-04-19 * "Investing 40% of cash in VBMPX"
  Assets:US:Vanguard:VBMPX                          2.778 VBMPX {172.80 USD, 2021-04-19}
  Assets:US:Vanguard:Cash                         -480.04 USD

2021-04-19 * "Investing 60% of cash in RGAGX"
  Assets:US:Vanguard:RGAGX                          8.439 RGAGX {85.32 USD, 2021-04-19}
  Assets:US:Vanguard:Cash                         -720.02 USD

2021-04-19 * "Investing 40% of cash in VBMPX"
  Assets:US:Vanguard:VBMPX                          1.389 VBMPX {172.80 USD, 2021-04-19}
  Assets:US:Vanguard:Cash                         -240.02 USD

2021-04-19 * "Investing 60% of cash in RGAGX"
  Assets:US:Vanguard:RGAGX                          4.219 RGAGX {85.32 USD, 2021-04-19}
  Assets:US:Vanguard:Cash                         -359.97 USD

2021-04-30 * "Employer match for contribution"
  Assets:US:Vanguard:Cash                          600.00 USD
  Income:US:Hoogle:Match401k                      -600.00 USD

2021-05-03 * "Investing 40% of cash in VBMPX"
  Assets:US:Vanguard:VBMPX                          2.737 VBMPX {175.35 USD, 2021-05-03}
  Assets:US:Vanguard:Cash                         -479.93 USD

2021-05-03 * "Investing 60% of cash in RGAGX"
  Assets:US:Vanguard:RGAGX                          8.156 RGAGX {88.27 USD, 2021-05-03}
  Assets:US:Vanguard:Cash                         -719.93 USD

2021-05-03 * "Investing 40% of cash in VBMPX"
  Assets:US:Vanguard:VBMPX                          1.369 VBMPX {175.35 USD, 2021-05-03}
  Assets:US:Vanguard:Cash                         -240.05 USD

2021-05-03 * "Investing 60% of cash in RGAGX"
  Assets:US:Vanguard:RGAGX                          4.079 RGAGX {88.27 USD, 2021-05-03}
  Assets:US:Vanguard:Cash                         -360.05 USD

2021-05-14 * "Employer match for contribution"
  Assets:US:Vanguard:Cash                          600.00 USD
  Income:US:Hoogle:Match401k                      -600.00 USD

2021-05-17 * "Investing 40% of cash in VBMPX"
  Assets:US:Vanguard:VBMPX                          2.734 VBMPX {175.53 USD, 2021-05-17}
  Assets:US:Vanguard:Cash                         -479.90 USD

2021-05-17 * "Investing 60% of cash in RGAGX"
  Assets:US:Vanguard:RGAGX                          8.101 RGAGX {88.87 USD, 2021-05-17}
  Assets:US:Vanguard:Cash                         -719.94 USD

2021-05-17 * "Investing 40% of cash in VBMPX"
  Assets:US:Vanguard:VBMPX                          1.368 VBMPX {175.53 USD, 2021-05-17}
  Assets:US:Vanguard:Cash                         -240.13 USD

2021-05-17 * "Investing 60% of cash in RGAGX"
  Assets:US:Vanguard:RGAGX                          4.052 RGAGX {88.87 USD, 2021-05-17}
  Assets:US:Vanguard:Cash                         -360.10 USD

2021-05-28 * "Employer match for contribution"
  Assets:US:Vanguard:Cash                          600.00 USD
  Income:US:Hoogle:Match401k                      -600.00 USD

2021-05-31 * "Investing 40% of cash in VBMPX"
  Assets:US:Vanguard:VBMPX                          2.753 VBMPX {174.35 USD, 2021-05-31}
  Assets:US:Vanguard:Cash                         -479.99 USD

2021-05-31 * "Investing 60% of cash in RGAGX"
  Assets:US:Vanguard:RGAGX                          7.940 RGAGX {90.67 USD, 2021-05-31}
  Assets:US:Vanguard:Cash                         -719.92 USD

2021-05-31 * "Investing 40% of cash in VBMPX"
  Assets:US:Vanguard:VBMPX                          1.376 VBMPX {174.35 USD, 2021-05-31}
  Assets:US:Vanguard:Cash                         -239.91 USD

2021-05-31 * "Investing 60% of cash in RGAGX"
  Assets:US:Vanguard:RGAGX                          3.970 RGAGX {90.67 USD, 2021-05-31}
  Assets:US:Vanguard:Cash                         -359.96 USD

2021-06-11 * "Employer match for contribution"
  Assets:US:Vanguard:Cash                          600.00 USD
  Income:US:Hoogle:Match401k                      -600.00 USD

2021-06-14 * "Investing 40% of cash in VBMPX"
  Assets:US:Vanguard:VBMPX                          2.726 VBMPX {176.12 USD, 2021-06-14}
  Assets:US:Vanguard:Cash                         -480.10 USD

2021-06-14 * "Investing 60% of cash in RGAGX"
  Assets:US:Vanguard:RGAGX                          7.937 RGAGX {90.72 USD, 2021-06-14}
  Assets:US:Vanguard:Cash                         -720.04 USD

2021-06-14 * "Investing 40% of cash in VBMPX"
  Assets:US:Vanguard:VBMPX                          1.363 VBMPX {176.12 USD, 2021-06-14}
  Assets:US:Vanguard:Cash                         -240.05 USD

2021-06-14 * "Investing 60% of cash in RGAGX"
  Assets:US:Vanguard:RGAGX                          3.968 RGAGX {90.72 USD, 2021-06-14}
  Assets:US:Vanguard:Cash                         -359.98 USD

2021-06-25 * "Employer match for contribution"
  Assets:US:Vanguard:Cash                          600.00 USD
  Income:US:Hoogle:Match401k                      -600.00 USD

2021-06-28 * "Investing 40% of cash in VBMPX"
  Assets:US:Vanguard:VBMPX                          2.707 VBMPX {177.28 USD, 2021-06-28}
  Assets:US:Vanguard:Cash                         -479.90 USD

2021-06-28 * "Investing 60% of cash in RGAGX"
  Assets:US:Vanguard:RGAGX                          7.907 RGAGX {91.05 USD, 2021-06-28}
  Assets:US:Vanguard:Cash                         -719.93 USD

2021-06-28 * "Investing 40% of cash in VBMPX"
  Assets:US:Vanguard:VBMPX                          1.354 VBMPX {177.28 USD, 2021-06-28}
  Assets:US:Vanguard:Cash                         -240.04 USD

2021-06-28 * "Investing 60% of cash in RGAGX"
  Assets:US:Vanguard:RGAGX                          3.955 RGAGX {91.05 USD, 2021-06-28}
  Assets:US:Vanguard:Cash                         -360.10 USD

2021-07-09 * "Employer match for contribution"
  Assets:US:Vanguard:Cash                          600.00 USD
  Income:US:Hoogle:Match401k                      -600.00 USD

2021-07-12 * "Investing 40% of cash in VBMPX"
  Assets:US:Vanguard:VBMPX                          2.676 VBMPX {179.39 USD, 2021-07-12}
  Assets:US:Vanguard:Cash                         -480.05 USD

2021-07-12 * "Investing 60% of cash in RGAGX"
  Assets:US:Vanguard:RGAGX                          7.973 RGAGX {90.30 USD, 2021-07-12}
  Assets:US:Vanguard:Cash                         -719.96 USD

2021-07-12 * "Investing 40% of cash in VBMPX"
  Assets:US:Vanguard:VBMPX                          1.338 VBMPX {179.39 USD, 2021-07-12}
  Assets:US:Vanguard:Cash                         -240.02 USD

2021-07-12 * "Investing 60% of cash in RGAGX"
  Assets:US:Vanguard:RGAGX                          3.986 RGAGX {90.30 USD, 2021-07-12}
  Assets:US:Vanguard:Cash                         -359.94 USD

2021-07-23 * "Employer match for contribution"
  Assets:US:Vanguard:Cash                          600.00 USD
  Income:US:Hoogle:Match401k                      -600.00 USD

2021-07-26 * "Investing 40% of cash in VBMPX"
  Assets:US:Vanguard:VBMPX                          2.679 VBMPX {179.17 USD, 2021-07-26}
  Assets:US:Vanguard:Cash                         -480.00 USD

2021-07-26 * "Investing 60% of cash in RGAGX"
  Assets:US:Vanguard:RGAGX                          7.874 RGAGX {91.44 USD, 2021-07-26}
  Assets:US:Vanguard:Cash                         -720.00 USD

2021-07-26 * "Investing 40% of cash in VBMPX"
  Assets:US:Vanguard:VBMPX                          1.339 VBMPX {179.17 USD, 2021-07-26}
  Assets:US:Vanguard:Cash                         -239.91 USD

2021-07-26 * "Investing 60% of cash in RGAGX"
  Assets:US:Vanguard:RGAGX                          3.937 RGAGX {91.44 USD, 2021-07-26}
  Assets:US:Vanguard:Cash                         -360.00 USD

2021-08-06 * "Employer match for contribution"
  Assets:US:Vanguard:Cash                          250.00 USD
  Income:US:Hoogle:Match401k                      -250.00 USD

2021-08-09 * "Investing 40% of cash in VBMPX"
  Assets:US:Vanguard:VBMPX                          1.111 VBMPX {180.10 USD, 2021-08-09}
  Assets:US:Vanguard:Cash                         -200.09 USD

2021-08-09 * "Investing 60% of cash in RGAGX"
  Assets:US:Vanguard:RGAGX                          3.258 RGAGX {92.10 USD, 2021-08-09}
  Assets:US:Vanguard:Cash                         -300.06 USD

2021-08-09 * "Investing 40% of cash in VBMPX"
  Assets:US:Vanguard:VBMPX                          0.555 VBMPX {180.10 USD, 2021-08-09}
  Assets:US:Vanguard:Cash                          -99.96 USD

2021-08-09 * "Investing 60% of cash in RGAGX"
  Assets:US:Vanguard:RGAGX                          1.628 RGAGX {92.10 USD, 2021-08-09}
  Assets:US:Vanguard:Cash                         -149.94 USD

2022-01-07 * "Employer match for contribution"
  Assets:US:Vanguard:Cash                          600.00 USD
  Income:US:Hoogle:Match401k                      -600.00 USD

2022-01-10 * "Investing 40% of cash in VBMPX"
  Assets:US:Vanguard:VBMPX                          2.696 VBMPX {178.03 USD, 2022-01-10}
  Assets:US:Vanguard:Cash                         -479.97 USD

2022-01-10 * "Investing 60% of cash in RGAGX"
  Assets:US:Vanguard:RGAGX                          6.664 RGAGX {108.05 USD, 2022-01-10}
  Assets:US:Vanguard:Cash                         -720.05 USD

2022-01-10 * "Investing 40% of cash in VBMPX"
  Assets:US:Vanguard:VBMPX                          1.348 VBMPX {178.03 USD, 2022-01-10}
  Assets:US:Vanguard:Cash                         -239.98 USD

2022-01-10 * "Investing 60% of cash in RGAGX"
  Assets:US:Vanguard:RGAGX                          3.332 RGAGX {108.05 USD, 2022-01-10}
  Assets:US:Vanguard:Cash                         -360.02 USD

2022-01-21 * "Employer match for contribution"
  Assets:US:Vanguard:Cash                          600.00 USD
  Income:US:Hoogle:Match401k                      -600.00 USD

2022-01-24 * "Investing 40% of cash in VBMPX"
  Assets:US:Vanguard:VBMPX                          2.681 VBMPX {179.05 USD, 2022-01-24}
  Assets:US:Vanguard:Cash                         -480.03 USD

2022-01-24 * "Investing 60% of cash in RGAGX"
  Assets:US:Vanguard:RGAGX                          6.729 RGAGX {107.00 USD, 2022-01-24}
  Assets:US:Vanguard:Cash                         -720.00 USD

2022-01-24 * "Investing 40% of cash in VBMPX"
  Assets:US:Vanguard:VBMPX                          1.340 VBMPX {179.05 USD, 2022-01-24}
  Assets:US:Vanguard:Cash                         -239.93 USD

2022-01-24 * "Investing 60% of cash in RGAGX"
  Assets:US:Vanguard:RGAGX                          3.364 RGAGX {107.00 USD, 2022-01-24}
  Assets:US:Vanguard:Cash                         -359.95 USD

2022-02-04 * "Employer match for contribution"
  Assets:US:Vanguard:Cash                          600.00 USD
  Income:US:Hoogle:Match401k                      -600.00 USD

2022-02-07 * "Investing 40% of cash in VBMPX"
  Assets:US:Vanguard:VBMPX                          2.726 VBMPX {176.08 USD, 2022-02-07}
  Assets:US:Vanguard:Cash                         -479.99 USD

2022-02-07 * "Investing 60% of cash in RGAGX"
  Assets:US:Vanguard:RGAGX                          6.741 RGAGX {106.82 USD, 2022-02-07}
  Assets:US:Vanguard:Cash                         -720.07 USD

2022-02-07 * "Investing 40% of cash in VBMPX"
  Assets:US:Vanguard:VBMPX                          1.363 VBMPX {176.08 USD, 2022-02-07}
  Assets:US:Vanguard:Cash                         -240.00 USD

2022-02-07 * "Investing 60% of cash in RGAGX"
  Assets:US:Vanguard:RGAGX                          3.370 RGAGX {106.82 USD, 2022-02-07}
  Assets:US:Vanguard:Cash                         -359.98 USD

2022-02-18 * "Employer match for contribution"
  Assets:US:Vanguard:Cash                          600.00 USD
  Income:US:Hoogle:Match401k                      -600.00 USD

2022-02-21 * "Investing 40% of cash in VBMPX"
  Assets:US:Vanguard:VBMPX                          2.710 VBMPX {177.16 USD, 2022-02-21}
  Assets:US:Vanguard:Cash                         -480.10 USD

2022-02-21 * "Investing 60% of cash in RGAGX"
  Assets:US:Vanguard:RGAGX                          6.562 RGAGX {109.73 USD, 2022-02-21}
  Assets:US:Vanguard:Cash                         -720.05 USD

2022-02-21 * "Investing 40% of cash in VBMPX"
  Assets:US:Vanguard:VBMPX                          1.355 VBMPX {177.16 USD, 2022-02-21}
  Assets:US:Vanguard:Cash                         -240.05 USD

2022-02-21 * "Investing 60% of cash in RGAGX"
  Assets:US:Vanguard:RGAGX                          3.280 RGAGX {109.73 USD, 2022-02-21}
  Assets:US:Vanguard:Cash                         -359.91 USD

2022-03-04 * "Employer match for contribution"
  Assets:US:Vanguard:Cash                          600.00 USD
  Income:US:Hoogle:Match401k                      -600.00 USD

2022-03-07 * "Investing 40% of cash in VBMPX"
  Assets:US:Vanguard:VBMPX                          2.689 VBMPX {178.50 USD, 2022-03-07}
  Assets:US:Vanguard:Cash                         -479.99 USD

2022-03-07 * "Investing 60% of cash in RGAGX"
  Assets:US:Vanguard:RGAGX                          6.601 RGAGX {109.07 USD, 2022-03-07}
  Assets:US:Vanguard:Cash                         -719.97 USD

2022-03-07 * "Investing 40% of cash in VBMPX"
  Assets:US:Vanguard:VBMPX                          1.345 VBMPX {178.50 USD, 2022-03-07}
  Assets:US:Vanguard:Cash                         -240.08 USD

2022-03-07 * "Investing 60% of cash in RGAGX"
  Assets:US:Vanguard:RGAGX                          3.301 RGAGX {109.07 USD, 2022-03-07}
  Assets:US:Vanguard:Cash                         -360.04 USD

2022-03-18 * "Employer match for contribution"
  Assets:US:Vanguard:Cash                          600.00 USD
  Income:US:Hoogle:Match401k                      -600.00 USD

2022-03-21 * "Investing 40% of cash in VBMPX"
  Assets:US:Vanguard:VBMPX                          2.657 VBMPX {180.61 USD, 2022-03-21}
  Assets:US:Vanguard:Cash                         -479.88 USD

2022-03-21 * "Investing 60% of cash in RGAGX"
  Assets:US:Vanguard:RGAGX                          6.706 RGAGX {107.35 USD, 2022-03-21}
  Assets:US:Vanguard:Cash                         -719.89 USD

2022-03-21 * "Investing 40% of cash in VBMPX"
  Assets:US:Vanguard:VBMPX                          1.329 VBMPX {180.61 USD, 2022-03-21}
  Assets:US:Vanguard:Cash                         -240.03 USD

2022-03-21 * "Investing 60% of cash in RGAGX"
  Assets:US:Vanguard:RGAGX                          3.354 RGAGX {107.35 USD, 2022-03-21}
  Assets:US:Vanguard:Cash                         -360.05 USD

2022-04-01 * "Employer match for contribution"
  Assets:US:Vanguard:Cash                          600.00 USD
  Income:US:Hoogle:Match401k                      -600.00 USD

2022-04-04 * "Investing 40% of cash in VBMPX"
  Assets:US:Vanguard:VBMPX                          2.581 VBMPX {185.99 USD, 2022-04-04}
  Assets:US:Vanguard:Cash                         -480.04 USD

2022-04-04 * "Investing 60% of cash in RGAGX"
  Assets:US:Vanguard:RGAGX                          6.791 RGAGX {106.02 USD, 2022-04-04}
  Assets:US:Vanguard:Cash                         -719.98 USD

2022-04-04 * "Investing 40% of cash in VBMPX"
  Assets:US:Vanguard:VBMPX                          1.290 VBMPX {185.99 USD, 2022-04-04}
  Assets:US:Vanguard:Cash                         -239.93 USD

2022-04-04 * "Investing 60% of cash in RGAGX"
  Assets:US:Vanguard:RGAGX                          3.396 RGAGX {106.02 USD, 2022-04-04}
  Assets:US:Vanguard:Cash                         -360.04 USD

2022-04-15 * "Employer match for contribution"
  Assets:US:Vanguard:Cash                          600.00 USD
  Income:US:Hoogle:Match401k                      -600.00 USD

2022-04-18 * "Investing 40% of cash in VBMPX"
  Assets:US:Vanguard:VBMPX                          2.599 VBMPX {184.72 USD, 2022-04-18}
  Assets:US:Vanguard:Cash                         -480.09 USD

2022-04-18 * "Investing 60% of cash in RGAGX"
  Assets:US:Vanguard:RGAGX                          6.786 RGAGX {106.10 USD, 2022-04-18}
  Assets:US:Vanguard:Cash                         -719.99 USD

2022-04-18 * "Investing 40% of cash in VBMPX"
  Assets:US:Vanguard:VBMPX                          1.299 VBMPX {184.72 USD, 2022-04-18}
  Assets:US:Vanguard:Cash                         -239.95 USD

2022-04-18 * "Investing 60% of cash in RGAGX"
  Assets:US:Vanguard:RGAGX                          3.393 RGAGX {106.10 USD, 2022-04-18}
  Assets:US:Vanguard:Cash                         -360.00 USD

2022-04-29 * "Employer match for contribution"
  Assets:US:Vanguard:Cash                          600.00 USD
  Income:US:Hoogle:Match401k                      -600.00 USD

2022-05-02 * "Investing 40% of cash in VBMPX"
  Assets:US:Vanguard:VBMPX                          2.587 VBMPX {185.55 USD, 2022-05-02}
  Assets:US:Vanguard:Cash                         -480.02 USD

2022-05-02 * "Investing 60% of cash in RGAGX"
  Assets:US:Vanguard:RGAGX                          6.735 RGAGX {106.90 USD, 2022-05-02}
  Assets:US:Vanguard:Cash                         -719.97 USD

2022-05-02 * "Investing 40% of cash in VBMPX"
  Assets:US:Vanguard:VBMPX                          1.293 VBMPX {185.55 USD, 2022-05-02}
  Assets:US:Vanguard:Cash                         -239.92 USD

2022-05-02 * "Investing 60% of cash in RGAGX"
  Assets:US:Vanguard:RGAGX                          3.368 RGAGX {106.90 USD, 2022-05-02}
  Assets:US:Vanguard:Cash                         -360.04 USD

2022-05-13 * "Employer match for contribution"
  Assets:US:Vanguard:Cash                          600.00 USD
  Income:US:Hoogle:Match401k                      -600.00 USD

2022-05-16 * "Investing 40% of cash in VBMPX"
  Assets:US:Vanguard:VBMPX                          2.610 VBMPX {183.89 USD, 2022-05-16}
  Assets:US:Vanguard:Cash                         -479.95 USD

2022-05-16 * "Investing 60% of cash in RGAGX"
  Assets:US:Vanguard:RGAGX                          6.869 RGAGX {104.82 USD, 2022-05-16}
  Assets:US:Vanguard:Cash                         -720.01 USD

2022-05-16 * "Investing 40% of cash in VBMPX"
  Assets:US:Vanguard:VBMPX                          1.305 VBMPX {183.89 USD, 2022-05-16}
  Assets:US:Vanguard:Cash                         -239.98 USD

2022-05-16 * "Investing 60% of cash in RGAGX"
  Assets:US:Vanguard:RGAGX                          3.435 RGAGX {104.82 USD, 2022-05-16}
  Assets:US:Vanguard:Cash                         -360.06 USD

2022-05-27 * "Employer match for contribution"
  Assets:US:Vanguard:Cash                          600.00 USD
  Income:US:Hoogle:Match401k                      -600.00 USD

2022-05-30 * "Investing 40% of cash in VBMPX"
  Assets:US:Vanguard:VBMPX                          2.602 VBMPX {184.49 USD, 2022-05-30}
  Assets:US:Vanguard:Cash                         -480.04 USD

2022-05-30 * "Investing 60% of cash in RGAGX"
  Assets:US:Vanguard:RGAGX                          6.646 RGAGX {108.34 USD, 2022-05-30}
  Assets:US:Vanguard:Cash                         -720.03 USD

2022-05-30 * "Investing 40% of cash in VBMPX"
  Assets:US:Vanguard:VBMPX                          1.301 VBMPX {184.49 USD, 2022-05-30}
  Assets:US:Vanguard:Cash                         -240.02 USD

2022-05-30 * "Investing 60% of cash in RGAGX"
  Assets:US:Vanguard:RGAGX                          3.323 RGAGX {108.34 USD, 2022-05-30}
  Assets:US:Vanguard:Cash                         -360.01 USD

2022-06-10 * "Employer match for contribution"
  Assets:US:Vanguard:Cash                          600.00 USD
  Income:US:Hoogle:Match401k                      -600.00 USD

2022-06-13 * "Investing 40% of cash in VBMPX"
  Assets:US:Vanguard:VBMPX                          2.588 VBMPX {185.49 USD, 2022-06-13}
  Assets:US:Vanguard:Cash                         -480.05 USD

2022-06-13 * "Investing 60% of cash in RGAGX"
  Assets:US:Vanguard:RGAGX                          6.702 RGAGX {107.42 USD, 2022-06-13}
  Assets:US:Vanguard:Cash                         -719.93 USD

2022-06-13 * "Investing 40% of cash in VBMPX"
  Assets:US:Vanguard:VBMPX                          1.294 VBMPX {185.49 USD, 2022-06-13}
  Assets:US:Vanguard:Cash                         -240.02 USD

2022-06-13 * "Investing 60% of cash in RGAGX"
  Assets:US:Vanguard:RGAGX                          3.351 RGAGX {107.42 USD, 2022-06-13}
  Assets:US:Vanguard:Cash                         -359.96 USD

2022-06-24 * "Employer match for contribution"
  Assets:US:Vanguard:Cash                          600.00 USD
  Income:US:Hoogle:Match401k                      -600.00 USD

2022-06-27 * "Investing 40% of cash in VBMPX"
  Assets:US:Vanguard:VBMPX                          2.598 VBMPX {184.79 USD, 2022-06-27}
  Assets:US:Vanguard:Cash                         -480.08 USD

2022-06-27 * "Investing 60% of cash in RGAGX"
  Assets:US:Vanguard:RGAGX                          6.745 RGAGX {106.75 USD, 2022-06-27}
  Assets:US:Vanguard:Cash                         -720.03 USD

2022-06-27 * "Investing 40% of cash in VBMPX"
  Assets:US:Vanguard:VBMPX                          1.299 VBMPX {184.79 USD, 2022-06-27}
  Assets:US:Vanguard:Cash                         -240.04 USD

2022-06-27 * "Investing 60% of cash in RGAGX"
  Assets:US:Vanguard:RGAGX                          3.372 RGAGX {106.75 USD, 2022-06-27}
  Assets:US:Vanguard:Cash                         -359.96 USD

2022-07-08 * "Employer match for contribution"
  Assets:US:Vanguard:Cash                          600.00 USD
  Income:US:Hoogle:Match401k                      -600.00 USD

2022-07-11 * "Investing 40% of cash in VBMPX"
  Assets:US:Vanguard:VBMPX                          2.600 VBMPX {184.59 USD, 2022-07-11}
  Assets:US:Vanguard:Cash                         -479.93 USD

2022-07-11 * "Investing 60% of cash in RGAGX"
  Assets:US:Vanguard:RGAGX                          6.778 RGAGX {106.21 USD, 2022-07-11}
  Assets:US:Vanguard:Cash                         -719.89 USD

2022-07-11 * "Investing 40% of cash in VBMPX"
  Assets:US:Vanguard:VBMPX                          1.300 VBMPX {184.59 USD, 2022-07-11}
  Assets:US:Vanguard:Cash                         -239.97 USD

2022-07-11 * "Investing 60% of cash in RGAGX"
  Assets:US:Vanguard:RGAGX                          3.390 RGAGX {106.21 USD, 2022-07-11}
  Assets:US:Vanguard:Cash                         -360.05 USD

2022-07-22 * "Employer match for contribution"
  Assets:US:Vanguard:Cash                          600.00 USD
  Income:US:Hoogle:Match401k                      -600.00 USD

2022-07-25 * "Investing 40% of cash in VBMPX"
  Assets:US:Vanguard:VBMPX                          2.593 VBMPX {185.09 USD, 2022-07-25}
  Assets:US:Vanguard:Cash                         -479.94 USD

2022-07-25 * "Investing 60% of cash in RGAGX"
  Assets:US:Vanguard:RGAGX                          6.853 RGAGX {105.06 USD, 2022-07-25}
  Assets:US:Vanguard:Cash                         -719.98 USD

2022-07-25 * "Investing 40% of cash in VBMPX"
  Assets:US:Vanguard:VBMPX                          1.297 VBMPX {185.09 USD, 2022-07-25}
  Assets:US:Vanguard:Cash                         -240.06 USD

2022-07-25 * "Investing 60% of cash in RGAGX"
  Assets:US:Vanguard:RGAGX                          3.427 RGAGX {105.06 USD, 2022-07-25}
  Assets:US:Vanguard:Cash                         -360.04 USD

2022-08-05 * "Employer match for contribution"
  Assets:US:Vanguard:Cash                          250.00 USD
  Income:US:Hoogle:Match401k                      -250.00 USD

2022-08-08 * "Investing 40% of cash in VBMPX"
  Assets:US:Vanguard:VBMPX                          1.084 VBMPX {184.46 USD, 2022-08-08}
  Assets:US:Vanguard:Cash                         -199.95 USD

2022-08-08 * "Investing 60% of cash in RGAGX"
  Assets:US:Vanguard:RGAGX                          2.782 RGAGX {107.83 USD, 2022-08-08}
  Assets:US:Vanguard:Cash                         -299.98 USD

2022-08-08 * "Investing 40% of cash in VBMPX"
  Assets:US:Vanguard:VBMPX                          0.542 VBMPX {184.46 USD, 2022-08-08}
  Assets:US:Vanguard:Cash                          -99.98 USD

2022-08-08 * "Investing 60% of cash in RGAGX"
  Assets:US:Vanguard:RGAGX                          1.392 RGAGX {107.83 USD, 2022-08-08}
  Assets:US:Vanguard:Cash                         -150.10 USD

2023-01-06 * "Employer match for contribution"
  Assets:US:Vanguard:Cash                          600.00 USD
  Income:US:Hoogle:Match401k                      -600.00 USD

2023-01-09 * "Investing 40% of cash in VBMPX"
  Assets:US:Vanguard:VBMPX                          2.485 VBMPX {193.19 USD, 2023-01-09}
  Assets:US:Vanguard:Cash                         -480.08 USD

2023-01-09 * "Investing 60% of cash in RGAGX"
  Assets:US:Vanguard:RGAGX                          6.656 RGAGX {108.18 USD, 2023-01-09}
  Assets:US:Vanguard:Cash                         -720.05 USD

2023-01-09 * "Investing 40% of cash in VBMPX"
  Assets:US:Vanguard:VBMPX                          1.242 VBMPX {193.19 USD, 2023-01-09}
  Assets:US:Vanguard:Cash                         -239.94 USD

2023-01-09 * "Investing 60% of cash in RGAGX"
  Assets:US:Vanguard:RGAGX                          3.327 RGAGX {108.18 USD, 2023-01-09}
  Assets:US:Vanguard:Cash                         -359.91 USD

2023-01-20 * "Employer match for contribution"
  Assets:US:Vanguard:Cash                          600.00 USD
  Income:US:Hoogle:Match401k                      -600.00 USD

2023-01-23 * "Investing 40% of cash in VBMPX"
  Assets:US:Vanguard:VBMPX                          2.494 VBMPX {192.49 USD, 2023-01-23}
  Assets:US:Vanguard:Cash                         -480.07 USD

2023-01-23 * "Investing 60% of cash in RGAGX"
  Assets:US:Vanguard:RGAGX                          6.586 RGAGX {109.32 USD, 2023-01-23}
  Assets:US:Vanguard:Cash                         -719.98 USD

2023-01-23 * "Investing 40% of cash in VBMPX"
  Assets:US:Vanguard:VBMPX                          1.247 VBMPX {192.49 USD, 2023-01-23}
  Assets:US:Vanguard:Cash                         -240.04 USD

2023-01-23 * "Investing 60% of cash in RGAGX"
  Assets:US:Vanguard:RGAGX                          3.293 RGAGX {109.32 USD, 2023-01-23}
  Assets:US:Vanguard:Cash                         -359.99 USD

2023-02-03 * "Employer match for contribution"
  Assets:US:Vanguard:Cash                          600.00 USD
  Income:US:Hoogle:Match401k                      -600.00 USD

2023-02-06 * "Investing 40% of cash in VBMPX"
  Assets:US:Vanguard:VBMPX                          2.484 VBMPX {193.19 USD, 2023-02-06}
  Assets:US:Vanguard:Cash                         -479.88 USD

2023-02-06 * "Investing 60% of cash in RGAGX"
  Assets:US:Vanguard:RGAGX                          6.646 RGAGX {108.33 USD, 2023-02-06}
  Assets:US:Vanguard:Cash                         -719.96 USD

2023-02-06 * "Investing 40% of cash in VBMPX"
  Assets:US:Vanguard:VBMPX                          1.243 VBMPX {193.19 USD, 2023-02-06}
  Assets:US:Vanguard:Cash                         -240.14 USD

2023-02-06 * "Investing 60% of cash in RGAGX"
  Assets:US:Vanguard:RGAGX                          3.324 RGAGX {108.33 USD, 2023-02-06}
  Assets:US:Vanguard:Cash                         -360.09 USD

2023-02-17 * "Employer match for contribution"
  Assets:US:Vanguard:Cash                          600.00 USD
  Income:US:Hoogle:Match401k                      -600.00 USD

2023-02-20 * "Investing 40% of cash in VBMPX"
  Assets:US:Vanguard:VBMPX                          2.462 VBMPX {194.94 USD, 2023-02-20}
  Assets:US:Vanguard:Cash                         -479.94 USD

2023-02-20 * "Investing 60% of cash in RGAGX"
  Assets:US:Vanguard:RGAGX                          6.593 RGAGX {109.20 USD, 2023-02-20}
  Assets:US:Vanguard:Cash                         -719.96 USD

2023-02-20 * "Investing 40% of cash in VBMPX"
  Assets:US:Vanguard:VBMPX                          1.231 VBMPX {194.94 USD, 2023-02-20}
  Assets:US:Vanguard:Cash                         -239.97 USD

2023-02-20 * "Investing 60% of cash in RGAGX"
  Assets:US:Vanguard:RGAGX                          3.297 RGAGX {109.20 USD, 2023-02-20}
  Assets:US:Vanguard:Cash                         -360.03 USD

2023-03-03 * "Employer match for contribution"
  Assets:US:Vanguard:Cash                          600.00 USD
  Income:US:Hoogle:Match401k                      -600.00 USD

2023-03-06 * "Investing 40% of cash in VBMPX"
  Assets:US:Vanguard:VBMPX                          2.432 VBMPX {197.36 USD, 2023-03-06}
  Assets:US:Vanguard:Cash                         -479.98 USD

2023-03-06 * "Investing 60% of cash in RGAGX"
  Assets:US:Vanguard:RGAGX                          6.471 RGAGX {111.27 USD, 2023-03-06}
  Assets:US:Vanguard:Cash                         -720.03 USD

2023-03-06 * "Investing 40% of cash in VBMPX"
  Assets:US:Vanguard:VBMPX                          1.216 VBMPX {197.36 USD, 2023-03-06}
  Assets:US:Vanguard:Cash                         -239.99 USD

2023-03-06 * "Investing 60% of cash in RGAGX"
  Assets:US:Vanguard:RGAGX                          3.235 RGAGX {111.27 USD, 2023-03-06}
  Assets:US:Vanguard:Cash                         -359.96 USD

2023-03-17 * "Employer match for contribution"
  Assets:US:Vanguard:Cash                          600.00 USD
  Income:US:Hoogle:Match401k                      -600.00 USD

2023-03-20 * "Investing 40% of cash in VBMPX"
  Assets:US:Vanguard:VBMPX                          2.450 VBMPX {195.95 USD, 2023-03-20}
  Assets:US:Vanguard:Cash                         -480.08 USD

2023-03-20 * "Investing 60% of cash in RGAGX"
  Assets:US:Vanguard:RGAGX                          6.535 RGAGX {110.17 USD, 2023-03-20}
  Assets:US:Vanguard:Cash                         -719.96 USD

2023-03-20 * "Investing 40% of cash in VBMPX"
  Assets:US:Vanguard:VBMPX                          1.225 VBMPX {195.95 USD, 2023-03-20}
  Assets:US:Vanguard:Cash                         -240.04 USD

2023-03-20 * "Investing 60% of cash in RGAGX"
  Assets:US:Vanguard:RGAGX                          3.268 RGAGX {110.17 USD, 2023-03-20}
  Assets:US:Vanguard:Cash                         -360.04 USD

2023-03-31 * "Employer match for contribution"
  Assets:US:Vanguard:Cash                          600.00 USD
  Income:US:Hoogle:Match401k                      -600.00 USD

2023-04-03 * "Investing 40% of cash in VBMPX"
  Assets:US:Vanguard:VBMPX                          2.449 VBMPX {195.96 USD, 2023-04-03}
  Assets:US:Vanguard:Cash                         -479.91 USD

2023-04-03 * "Investing 60% of cash in RGAGX"
  Assets:US:Vanguard:RGAGX                          6.601 RGAGX {109.07 USD, 2023-04-03}
  Assets:US:Vanguard:Cash                         -719.97 USD

2023-04-03 * "Investing 40% of cash in VBMPX"
  Assets:US:Vanguard:VBMPX                          1.225 VBMPX {195.96 USD, 2023-04-03}
  Assets:US:Vanguard:Cash                         -240.05 USD

2023-04-03 * "Investing 60% of cash in RGAGX"
  Assets:US:Vanguard:RGAGX                          3.301 RGAGX {109.07 USD, 2023-04-03}
  Assets:US:Vanguard:Cash                         -360.04 USD

2023-04-14 * "Employer match for contribution"
  Assets:US:Vanguard:Cash                          600.00 USD
  Income:US:Hoogle:Match401k                      -600.00 USD

2023-04-17 * "Investing 40% of cash in VBMPX"
  Assets:US:Vanguard:VBMPX                          2.428 VBMPX {197.68 USD, 2023-04-17}
  Assets:US:Vanguard:Cash                         -479.97 USD

2023-04-17 * "Investing 60% of cash in RGAGX"
  Assets:US:Vanguard:RGAGX                          6.539 RGAGX {110.10 USD, 2023-04-17}
  Assets:US:Vanguard:Cash                         -719.94 USD

2023-04-17 * "Investing 40% of cash in VBMPX"
  Assets:US:Vanguard:VBMPX                          1.214 VBMPX {197.68 USD, 2023-04-17}
  Assets:US:Vanguard:Cash                         -239.98 USD

2023-04-17 * "Investing 60% of cash in RGAGX"
  Assets:US:Vanguard:RGAGX                          3.270 RGAGX {110.10 USD, 2023-04-17}
  Assets:US:Vanguard:Cash                         -360.03 USD

2023-04-28 * "Employer match for contribution"
  Assets:US:Vanguard:Cash                          600.00 USD
  Income:US:Hoogle:Match401k                      -600.00 USD

2023-05-01 * "Investing 40% of cash in VBMPX"
  Assets:US:Vanguard:VBMPX                          2.410 VBMPX {199.15 USD, 2023-05-01}
  Assets:US:Vanguard:Cash                         -479.95 USD

2023-05-01 * "Investing 60% of cash in RGAGX"
  Assets:US:Vanguard:RGAGX                          6.385 RGAGX {112.77 USD, 2023-05-01}
  Assets:US:Vanguard:Cash                         -720.04 USD

2023-05-01 * "Investing 40% of cash in VBMPX"
  Assets:US:Vanguard:VBMPX                          1.205 VBMPX {199.15 USD, 2023-05-01}
  Assets:US:Vanguard:Cash                         -239.98 USD

2023-05-01 * "Investing 60% of cash in RGAGX"
  Assets:US:Vanguard:RGAGX                          3.192 RGAGX {112.77 USD, 2023-05-01}
  Assets:US:Vanguard:Cash                         -359.96 USD

2023-05-12 * "Employer match for contribution"
  Assets:US:Vanguard:Cash                          600.00 USD
  Income:US:Hoogle:Match401k                      -600.00 USD

2023-05-15 * "Investing 40% of cash in VBMPX"
  Assets:US:Vanguard:VBMPX                          2.386 VBMPX {201.22 USD, 2023-05-15}
  Assets:US:Vanguard:Cash                         -480.11 USD

2023-05-15 * "Investing 60% of cash in RGAGX"
  Assets:US:Vanguard:RGAGX                          6.365 RGAGX {113.13 USD, 2023-05-15}
  Assets:US:Vanguard:Cash                         -720.07 USD

2023-05-15 * "Investing 40% of cash in VBMPX"
  Assets:US:Vanguard:VBMPX                          1.193 VBMPX {201.22 USD, 2023-05-15}
  Assets:US:Vanguard:Cash                         -240.06 USD

2023-05-15 * "Investing 60% of cash in RGAGX"
  Assets:US:Vanguard:RGAGX                          3.182 RGAGX {113.13 USD, 2023-05-15}
  Assets:US:Vanguard:Cash                         -359.98 USD

2023-05-26 * "Employer match for contribution"
  Assets:US:Vanguard:Cash                          600.00 USD
  Income:US:Hoogle:Match401k                      -600.00 USD

2023-05-29 * "Investing 40% of cash in VBMPX"
  Assets:US:Vanguard:VBMPX                          2.346 VBMPX {204.60 USD, 2023-05-29}
  Assets:US:Vanguard:Cash                         -479.99 USD

2023-05-29 * "Investing 60% of cash in RGAGX"
  Assets:US:Vanguard:RGAGX                          6.394 RGAGX {112.59 USD, 2023-05-29}
  Assets:US:Vanguard:Cash                         -719.90 USD

2023-05-29 * "Investing 40% of cash in VBMPX"
  Assets:US:Vanguard:VBMPX                          1.173 VBMPX {204.60 USD, 2023-05-29}
  Assets:US:Vanguard:Cash                         -240.00 USD

2023-05-29 * "Investing 60% of cash in RGAGX"
  Assets:US:Vanguard:RGAGX                          3.197 RGAGX {112.59 USD, 2023-05-29}
  Assets:US:Vanguard:Cash                         -359.95 USD

2023-06-09 * "Employer match for contribution"
  Assets:US:Vanguard:Cash                          600.00 USD
  Income:US:Hoogle:Match401k                      -600.00 USD

2023-06-12 * "Investing 40% of cash in VBMPX"
  Assets:US:Vanguard:VBMPX                          2.339 VBMPX {205.19 USD, 2023-06-12}
  Assets:US:Vanguard:Cash                         -479.94 USD

2023-06-12 * "Investing 60% of cash in RGAGX"
  Assets:US:Vanguard:RGAGX                          6.284 RGAGX {114.58 USD, 2023-06-12}
  Assets:US:Vanguard:Cash                         -720.02 USD

2023-06-12 * "Investing 40% of cash in VBMPX"
  Assets:US:Vanguard:VBMPX                          1.170 VBMPX {205.19 USD, 2023-06-12}
  Assets:US:Vanguard:Cash                         -240.07 USD

2023-06-12 * "Investing 60% of cash in RGAGX"
  Assets:US:Vanguard:RGAGX                          3.142 RGAGX {114.58 USD, 2023-06-12}
  Assets:US:Vanguard:Cash                         -360.01 USD

2023-06-23 * "Employer match for contribution"
  Assets:US:Vanguard:Cash                          600.00 USD
  Income:US:Hoogle:Match401k                      -600.00 USD

2023-06-26 * "Investing 40% of cash in VBMPX"
  Assets:US:Vanguard:VBMPX                          2.316 VBMPX {207.23 USD, 2023-06-26}
  Assets:US:Vanguard:Cash                         -479.94 USD

2023-06-26 * "Investing 60% of cash in RGAGX"
  Assets:US:Vanguard:RGAGX                          6.361 RGAGX {113.18 USD, 2023-06-26}
  Assets:US:Vanguard:Cash                         -719.94 USD

2023-06-26 * "Investing 40% of cash in VBMPX"
  Assets:US:Vanguard:VBMPX                          1.158 VBMPX {207.23 USD, 2023-06-26}
  Assets:US:Vanguard:Cash                         -239.97 USD

2023-06-26 * "Investing 60% of cash in RGAGX"
  Assets:US:Vanguard:RGAGX                          3.181 RGAGX {113.18 USD, 2023-06-26}
  Assets:US:Vanguard:Cash                         -360.03 USD

2023-07-07 * "Employer match for contribution"
  Assets:US:Vanguard:Cash                          600.00 USD
  Income:US:Hoogle:Match401k                      -600.00 USD

2023-07-10 * "Investing 40% of cash in VBMPX"
  Assets:US:Vanguard:VBMPX                          2.296 VBMPX {209.04 USD, 2023-07-10}
  Assets:US:Vanguard:Cash                         -479.96 USD

2023-07-10 * "Investing 60% of cash in RGAGX"
  Assets:US:Vanguard:RGAGX                          6.439 RGAGX {111.83 USD, 2023-07-10}
  Assets:US:Vanguard:Cash                         -720.07 USD

2023-07-10 * "Investing 40% of cash in VBMPX"
  Assets:US:Vanguard:VBMPX                          1.148 VBMPX {209.04 USD, 2023-07-10}
  Assets:US:Vanguard:Cash                         -239.98 USD

2023-07-10 * "Investing 60% of cash in RGAGX"
  Assets:US:Vanguard:RGAGX                          3.220 RGAGX {111.83 USD, 2023-07-10}
  Assets:US:Vanguard:Cash                         -360.09 USD

2023-07-21 * "Employer match for contribution"
  Assets:US:Vanguard:Cash                          600.00 USD
  Income:US:Hoogle:Match401k                      -600.00 USD

2023-07-24 * "Investing 40% of cash in VBMPX"
  Assets:US:Vanguard:VBMPX                          2.290 VBMPX {209.60 USD, 2023-07-24}
  Assets:US:Vanguard:Cash                         -479.98 USD

2023-07-24 * "Investing 60% of cash in RGAGX"
  Assets:US:Vanguard:RGAGX                          6.554 RGAGX {109.85 USD, 2023-07-24}
  Assets:US:Vanguard:Cash                         -719.96 USD

2023-07-24 * "Investing 40% of cash in VBMPX"
  Assets:US:Vanguard:VBMPX                          1.145 VBMPX {209.60 USD, 2023-07-24}
  Assets:US:Vanguard:Cash                         -239.99 USD

2023-07-24 * "Investing 60% of cash in RGAGX"
  Assets:US:Vanguard:RGAGX                          3.278 RGAGX {109.85 USD, 2023-07-24}
  Assets:US:Vanguard:Cash                         -360.09 USD



* Sources of Income

2021-01-01 open Income:US:Hoogle:Salary                      USD
2021-01-01 open Income:US:Hoogle:GroupTermLife               USD
2021-01-01 open Income:US:Hoogle:Vacation                    VACHR
2021-01-01 open Assets:US:Hoogle:Vacation                    VACHR
2021-01-01 open Expenses:Vacation                               VACHR
2021-01-01 open Expenses:Health:Life:GroupTermLife
2021-01-01 open Expenses:Health:Medical:Insurance
2021-01-01 open Expenses:Health:Dental:Insurance
2021-01-01 open Expenses:Health:Vision:Insurance

2021-01-01 event "employer" "Hoogle, 1600 Amphibious Parkway, River View, CA"

2021-01-07 * "Hoogle" "Payroll"
  Assets:US:BofA:Checking                         1350.60 USD
  Assets:US:Vanguard:Cash                         1200.00 USD
  Income:US:Hoogle:Salary                        -4615.38 USD
  Income:US:Hoogle:GroupTermLife                   -24.32 USD
  Expenses:Health:Life:GroupTermLife                24.32 USD
  Expenses:Health:Dental:Insurance                   2.90 USD
  Expenses:Health:Medical:Insurance                 27.38 USD
  Expenses:Health:Vision:Insurance                  42.30 USD
  Expenses:Taxes:Y2021:US:Medicare                 106.62 USD
  Expenses:Taxes:Y2021:US:Federal                 1062.92 USD
  Expenses:Taxes:Y2021:US:State                    365.08 USD
  Expenses:Taxes:Y2021:US:CityNYC                  174.92 USD
  Expenses:Taxes:Y2021:US:SDI                        1.12 USD
  Expenses:Taxes:Y2021:US:SocSec                   281.54 USD
  Assets:US:Federal:PreTax401k                   -1200.00 IRAUSD
  Expenses:Taxes:Y2021:US:Federal:PreTax401k      1200.00 IRAUSD
  Assets:US:Hoogle:Vacation                             5 VACHR
  Income:US:Hoogle:Vacation                            -5 VACHR

2021-01-21 * "Hoogle" "Payroll"
  Assets:US:BofA:Checking                         1350.60 USD
  Assets:US:Vanguard:Cash                         1200.00 USD
  Income:US:Hoogle:Salary                        -4615.38 USD
  Income:US:Hoogle:GroupTermLife                   -24.32 USD
  Expenses:Health:Life:GroupTermLife                24.32 USD
  Expenses:Health:Dental:Insurance                   2.90 USD
  Expenses:Health:Medical:Insurance                 27.38 USD
  Expenses:Health:Vision:Insurance                  42.30 USD
  Expenses:Taxes:Y2021:US:Medicare                 106.62 USD
  Expenses:Taxes:Y2021:US:Federal                 1062.92 USD
  Expenses:Taxes:Y2021:US:State                    365.08 USD
  Expenses:Taxes:Y2021:US:CityNYC                  174.92 USD
  Expenses:Taxes:Y2021:US:SDI                        1.12 USD
  Expenses:Taxes:Y2021:US:SocSec                   281.54 USD
  Assets:US:Federal:PreTax401k                   -1200.00 IRAUSD
  Expenses:Taxes:Y2021:US:Federal:PreTax401k      1200.00 IRAUSD
  Assets:US:Hoogle:Vacation                             5 VACHR
  Income:US:Hoogle:Vacation                            -5 VACHR

2021-02-04 * "Hoogle" "Payroll"
  Assets:US:BofA:Checking                         1350.60 USD
  Assets:US:Vanguard:Cash                         1200.00 USD
  Income:US:Hoogle:Salary                        -4615.38 USD
  Income:US:Hoogle:GroupTermLife                   -24.32 USD
  Expenses:Health:Life:GroupTermLife                24.32 USD
  Expenses:Health:Dental:Insurance                   2.90 USD
  Expenses:Health:Medical:Insurance                 27.38 USD
  Expenses:Health:Vision:Insurance                  42.30 USD
  Expenses:Taxes:Y2021:US:Medicare                 106.62 USD
  Expenses:Taxes:Y2021:US:Federal                 1062.92 USD
  Expenses:Taxes:Y2021:US:State                    365.08 USD
  Expenses:Taxes:Y2021:US:CityNYC                  174.92 USD
  Expenses:Taxes:Y2021:US:SDI                        1.12 USD
  Expenses:Taxes:Y2021:US:SocSec                   281.54 USD
  Assets:US:Federal:PreTax401k                   -1200.00 IRAUSD
  Expenses:Taxes:Y2021:US:Federal:PreTax401k      1200.00 IRAUSD
  Assets:US:Hoogle:Vacation                             5 VACHR
  Income:US:Hoogle:Vacation                            -5 VACHR

2021-02-18 * "Hoogle" "Payroll"
  Assets:US:BofA:Checking                         1350.60 USD
  Assets:US:Vanguard:Cash                         1200.00 USD
  Income:US:Hoogle:Salary                        -4615.38 USD
  Income:US:Hoogle:GroupTermLife                   -24.32 USD
  Expenses:Health:Life:GroupTermLife                24.32 USD
  Expenses:Health:Dental:Insurance                   2.90 USD
  Expenses:Health:Medical:Insurance                 27.38 USD
  Expenses:Health:Vision:Insurance                  42.30 USD
  Expenses:Taxes:Y2021:US:Medicare                 106.62 USD
  Expenses:Taxes:Y2021:US:Federal                 1062.92 USD
  Expenses:Taxes:Y2021:US:State                    365.08 USD
  Expenses:Taxes:Y2021:US:CityNYC                  174.92 USD
  Expenses:Taxes:Y2021:US:SDI                        1.12 USD
  Expenses:Taxes:Y2021:US:SocSec                   281.54 USD
  Assets:US:Federal:PreTax401k                   -1200.00 IRAUSD
  Expenses:Taxes:Y2021:US:Federal:PreTax401k      1200.00 IRAUSD
  Assets:US:Hoogle:Vacation                             5 VACHR
  Income:US:Hoogle:Vacation                            -5 VACHR

2021-03-04 * "Hoogle" "Payroll"
  Assets:US:BofA:Checking                         1350.60 USD
  Assets:US:Vanguard:Cash                         1200.00 USD
  Income:US:Hoogle:Salary                        -4615.38 USD
  Income:US:Hoogle:GroupTermLife                   -24.32 USD
  Expenses:Health:Life:GroupTermLife                24.32 USD
  Expenses:Health:Dental:Insurance                   2.90 USD
  Expenses:Health:Medical:Insurance                 27.38 USD
  Expenses:Health:Vision:Insurance                  42.30 USD
  Expenses:Taxes:Y2021:US:Medicare                 106.62 USD
  Expenses:Taxes:Y2021:US:Federal                 1062.92 USD
  Expenses:Taxes:Y2021:US:State                    365.08 USD
  Expenses:Taxes:Y2021:US:CityNYC                  174.92 USD
  Expenses:Taxes:Y2021:US:SDI                        1.12 USD
  Expenses:Taxes:Y2021:US:SocSec                   281.54 USD
  Assets:US:Federal:PreTax401k                   -1200.00 IRAUSD
  Expenses:Taxes:Y2021:US:Federal:PreTax401k      1200.00 IRAUSD
  Assets:US:Hoogle:Vacation                             5 VACHR
  Income:US:Hoogle:Vacation                            -5 VACHR

2021-03-18 * "Hoogle" "Payroll"
  Assets:US:BofA:Checking                         1350.60 USD
  Assets:US:Vanguard:Cash                         1200.00 USD
  Income:US:Hoogle:Salary                        -4615.38 USD
  Income:US:Hoogle:GroupTermLife                   -24.32 USD
  Expenses:Health:Life:GroupTermLife                24.32 USD
  Expenses:Health:Dental:Insurance                   2.90 USD
  Expenses:Health:Medical:Insurance                 27.38 USD
  Expenses:Health:Vision:Insurance                  42.30 USD
  Expenses:Taxes:Y2021:US:Medicare                 106.62 USD
  Expenses:Taxes:Y2021:US:Federal                 1062.92 USD
  Expenses:Taxes:Y2021:US:State                    365.08 USD
  Expenses:Taxes:Y2021:US:CityNYC                  174.92 USD
  Expenses:Taxes:Y2021:US:SDI                        1.12 USD
  Expenses:Taxes:Y2021:US:SocSec                   281.54 USD
  Assets:US:Federal:PreTax401k                   -1200.00 IRAUSD
  Expenses:Taxes:Y2021:US:Federal:PreTax401k      1200.00 IRAUSD
  Assets:US:Hoogle:Vacation                             5 VACHR
  Income:US:Hoogle:Vacation                            -5 VACHR

2021-04-01 * "Hoogle" "Payroll"
  Assets:US:BofA:Checking                         1350.60 USD
  Assets:US:Vanguard:Cash                         1200.00 USD
  Income:US:Hoogle:Salary                        -4615.38 USD
  Income:US:Hoogle:GroupTermLife                   -24.32 USD
  Expenses:Health:Life:GroupTermLife                24.32 USD
  Expenses:Health:Dental:Insurance                   2.90 USD
  Expenses:Health:Medical:Insurance                 27.38 USD
  Expenses:Health:Vision:Insurance                  42.30 USD
  Expenses:Taxes:Y2021:US:Medicare                 106.62 USD
  Expenses:Taxes:Y2021:US:Federal                 1062.92 USD
  Expenses:Taxes:Y2021:US:State                    365.08 USD
  Expenses:Taxes:Y2021:US:CityNYC                  174.92 USD
  Expenses:Taxes:Y2021:US:SDI                        1.12 USD
  Expenses:Taxes:Y2021:US:SocSec                   281.54 USD
  Assets:US:Federal:PreTax401k                   -1200.00 IRAUSD
  Expenses:Taxes:Y2021:US:Federal:PreTax401k      1200.00 IRAUSD
  Assets:US:Hoogle:Vacation                             5 VACHR
  Income:US:Hoogle:Vacation                            -5 VACHR

2021-04-15 * "Hoogle" "Payroll"
  Assets:US:BofA:Checking                         1350.60 USD
  Assets:US:Vanguard:Cash                         1200.00 USD
  Income:US:Hoogle:Salary                        -4615.38 USD
  Income:US:Hoogle:GroupTermLife                   -24.32 USD
  Expenses:Health:Life:GroupTermLife                24.32 USD
  Expenses:Health:Dental:Insurance                   2.90 USD
  Expenses:Health:Medical:Insurance                 27.38 USD
  Expenses:Health:Vision:Insurance                  42.30 USD
  Expenses:Taxes:Y2021:US:Medicare                 106.62 USD
  Expenses:Taxes:Y2021:US:Federal                 1062.92 USD
  Expenses:Taxes:Y2021:US:State                    365.08 USD
  Expenses:Taxes:Y2021:US:CityNYC                  174.92 USD
  Expenses:Taxes:Y2021:US:SDI                        1.12 USD
  Expenses:Taxes:Y2021:US:SocSec                   281.54 USD
  Assets:US:Federal:PreTax401k                   -1200.00 IRAUSD
  Expenses:Taxes:Y2021:US:Federal:PreTax401k      1200.00 IRAUSD
  Assets:US:Hoogle:Vacation                             5 VACHR
  Income:US:Hoogle:Vacation                            -5 VACHR

2021-04-29 * "Hoogle" "Payroll"
  Assets:US:BofA:Checking                         1350.60 USD
  Assets:US:Vanguard:Cash                         1200.00 USD
  Income:US:Hoogle:Salary                        -4615.38 USD
  Income:US:Hoogle:GroupTermLife                   -24.32 USD
  Expenses:Health:Life:GroupTermLife                24.32 USD
  Expenses:Health:Dental:Insurance                   2.90 USD
  Expenses:Health:Medical:Insurance                 27.38 USD
  Expenses:Health:Vision:Insurance                  42.30 USD
  Expenses:Taxes:Y2021:US:Medicare                 106.62 USD
  Expenses:Taxes:Y2021:US:Federal                 1062.92 USD
  Expenses:Taxes:Y2021:US:State                    365.08 USD
  Expenses:Taxes:Y2021:US:CityNYC                  174.92 USD
  Expenses:Taxes:Y2021:US:SDI                        1.12 USD
  Expenses:Taxes:Y2021:US:SocSec                   281.54 USD
  Assets:US:Federal:PreTax401k                   -1200.00 IRAUSD
  Expenses:Taxes:Y2021:US:Federal:PreTax401k      1200.00 IRAUSD
  Assets:US:Hoogle:Vacation                             5 VACHR
  Income:US:Hoogle:Vacation                            -5 VACHR

2021-05-13 * "Hoogle" "Payroll"
  Assets:US:BofA:Checking                         1350.60 USD
  Assets:US:Vanguard:Cash                         1200.00 USD
  Income:US:Hoogle:Salary                        -4615.38 USD
  Income:US:Hoogle:GroupTermLife                   -24.32 USD
  Expenses:Health:Life:GroupTermLife                24.32 USD
  Expenses:Health:Dental:Insurance                   2.90 USD
  Expenses:Health:Medical:Insurance                 27.38 USD
  Expenses:Health:Vision:Insurance                  42.30 USD
  Expenses:Taxes:Y2021:US:Medicare                 106.62 USD
  Expenses:Taxes:Y2021:US:Federal                 1062.92 USD
  Expenses:Taxes:Y2021:US:State                    365.08 USD
  Expenses:Taxes:Y2021:US:CityNYC                  174.92 USD
  Expenses:Taxes:Y2021:US:SDI                        1.12 USD
  Expenses:Taxes:Y2021:US:SocSec                   281.54 USD
  Assets:US:Federal:PreTax401k                   -1200.00 IRAUSD
  Expenses:Taxes:Y2021:US:Federal:PreTax401k      1200.00 IRAUSD
  Assets:US:Hoogle:Vacation                             5 VACHR
  Income:US:Hoogle:Vacation                            -5 VACHR

2021-05-27 * "Hoogle" "Payroll"
  Assets:US:BofA:Checking                         1350.60 USD
  Assets:US:Vanguard:Cash                         1200.00 USD
  Income:US:Hoogle:Salary                        -4615.38 USD
  Income:US:Hoogle:GroupTermLife                   -24.32 USD
  Expenses:Health:Life:GroupTermLife                24.32 USD
  Expenses:Health:Dental:Insurance                   2.90 USD
  Expenses:Health:Medical:Insurance                 27.38 USD
  Expenses:Health:Vision:Insurance                  42.30 USD
  Expenses:Taxes:Y2021:US:Medicare                 106.62 USD
  Expenses:Taxes:Y2021:US:Federal                 1062.92 USD
  Expenses:Taxes:Y2021:US:State                    365.08 USD
  Expenses:Taxes:Y2021:US:CityNYC                  174.92 USD
  Expenses:Taxes:Y2021:US:SDI                        1.12 USD
  Expenses:Taxes:Y2021:US:SocSec                   281.54 USD
  Assets:US:Federal:PreTax401k                   -1200.00 IRAUSD
  Expenses:Taxes:Y2021:US:Federal:PreTax401k      1200.00 IRAUSD
  Assets:US:Hoogle:Vacation                             5 VACHR
  Income:US:Hoogle:Vacation                            -5 VACHR

2021-06-10 * "Hoogle" "Payroll"
  Assets:US:BofA:Checking                         1350.60 USD
  Assets:US:Vanguard:Cash                         1200.00 USD
  Income:US:Hoogle:Salary                        -4615.38 USD
  Income:US:Hoogle:GroupTermLife                   -24.32 USD
  Expenses:Health:Life:GroupTermLife                24.32 USD
  Expenses:Health:Dental:Insurance                   2.90 USD
  Expenses:Health:Medical:Insurance                 27.38 USD
  Expenses:Health:Vision:Insurance                  42.30 USD
  Expenses:Taxes:Y2021:US:Medicare                 106.62 USD
  Expenses:Taxes:Y2021:US:Federal                 1062.92 USD
  Expenses:Taxes:Y2021:US:State                    365.08 USD
  Expenses:Taxes:Y2021:US:CityNYC                  174.92 USD
  Expenses:Taxes:Y2021:US:SDI                        1.12 USD
  Expenses:Taxes:Y2021:US:SocSec                   281.54 USD
  Assets:US:Federal:PreTax401k                   -1200.00 IRAUSD
  Expenses:Taxes:Y2021:US:Federal:PreTax401k      1200.00 IRAUSD
  Assets:US:Hoogle:Vacation                             5 VACHR
  Income:US:Hoogle:Vacation                            -5 VACHR

2021-06-24 * "Hoogle" "Payroll"
  Assets:US:BofA:Checking                         1350.60 USD
  Assets:US:Vanguard:Cash                         1200.00 USD
  Income:US:Hoogle:Salary                        -4615.38 USD
  Income:US:Hoogle:GroupTermLife                   -24.32 USD
  Expenses:Health:Life:GroupTermLife                24.32 USD
  Expenses:Health:Dental:Insurance                   2.90 USD
  Expenses:Health:Medical:Insurance                 27.38 USD
  Expenses:Health:Vision:Insurance                  42.30 USD
  Expenses:Taxes:Y2021:US:Medicare                 106.62 USD
  Expenses:Taxes:Y2021:US:Federal                 1062.92 USD
  Expenses:Taxes:Y2021:US:State                    365.08 USD
  Expenses:Taxes:Y2021:US:CityNYC                  174.92 USD
  Expenses:Taxes:Y2021:US:SDI                        1.12 USD
  Expenses:Taxes:Y2021:US:SocSec                   281.54 USD
  Assets:US:Federal:PreTax401k                   -1200.00 IRAUSD
  Expenses:Taxes:Y2021:US:Federal:PreTax401k      1200.00 IRAUSD
  Assets:US:Hoogle:Vacation                             5 VACHR
  Income:US:Hoogle:Vacation                            -5 VACHR

2021-07-08 * "Hoogle" "Payroll"
  Assets:US:BofA:Checking                         1350.60 USD
  Assets:US:Vanguard:Cash                         1200.00 USD
  Income:US:Hoogle:Salary                        -4615.38 USD
  Income:US:Hoogle:GroupTermLife                   -24.32 USD
  Expenses:Health:Life:GroupTermLife                24.32 USD
  Expenses:Health:Dental:Insurance                   2.90 USD
  Expenses:Health:Medical:Insurance                 27.38 USD
  Expenses:Health:Vision:Insurance                  42.30 USD
  Expenses:Taxes:Y2021:US:Medicare                 106.62 USD
  Expenses:Taxes:Y2021:US:Federal                 1062.92 USD
  Expenses:Taxes:Y2021:US:State                    365.08 USD
  Expenses:Taxes:Y2021:US:CityNYC                  174.92 USD
  Expenses:Taxes:Y2021:US:SDI                        1.12 USD
  Expenses:Taxes:Y2021:US:SocSec                   281.54 USD
  Assets:US:Federal:PreTax401k                   -1200.00 IRAUSD
  Expenses:Taxes:Y2021:US:Federal:PreTax401k      1200.00 IRAUSD
  Assets:US:Hoogle:Vacation                             5 VACHR
  Income:US:Hoogle:Vacation                            -5 VACHR

2021-07-22 * "Hoogle" "Payroll"
  Assets:US:BofA:Checking                         1350.60 USD
  Assets:US:Vanguard:Cash                         1200.00 USD
  Income:US:Hoogle:Salary                        -4615.38 USD
  Income:US:Hoogle:GroupTermLife                   -24.32 USD
  Expenses:Health:Life:GroupTermLife                24.32 USD
  Expenses:Health:Dental:Insurance                   2.90 USD
  Expenses:Health:Medical:Insurance                 27.38 USD
  Expenses:Health:Vision:Insurance                  42.30 USD
  Expenses:Taxes:Y2021:US:Medicare                 106.62 USD
  Expenses:Taxes:Y2021:US:Federal                 1062.92 USD
  Expenses:Taxes:Y2021:US:State                    365.08 USD
  Expenses:Taxes:Y2021:US:CityNYC                  174.92 USD
  Expenses:Taxes:Y2021:US:SDI                        1.12 USD
  Expenses:Taxes:Y2021:US:SocSec                   281.54 USD
  Assets:US:Federal:PreTax401k                   -1200.00 IRAUSD
  Expenses:Taxes:Y2021:US:Federal:PreTax401k      1200.00 IRAUSD
  Assets:US:Hoogle:Vacation                             5 VACHR
  Income:US:Hoogle:Vacation                            -5 VACHR

2021-08-05 * "Hoogle" "Payroll"
  Assets:US:BofA:Checking                         2050.60 USD
  Assets:US:Vanguard:Cash                          500.00 USD
  Income:US:Hoogle:Salary                        -4615.38 USD
  Income:US:Hoogle:GroupTermLife                   -24.32 USD
  Expenses:Health:Life:GroupTermLife                24.32 USD
  Expenses:Health:Dental:Insurance                   2.90 USD
  Expenses:Health:Medical:Insurance                 27.38 USD
  Expenses:Health:Vision:Insurance                  42.30 USD
  Expenses:Taxes:Y2021:US:Medicare                 106.62 USD
  Expenses:Taxes:Y2021:US:Federal                 1062.92 USD
  Expenses:Taxes:Y2021:US:State                    365.08 USD
  Expenses:Taxes:Y2021:US:CityNYC                  174.92 USD
  Expenses:Taxes:Y2021:US:SDI                        1.12 USD
  Expenses:Taxes:Y2021:US:SocSec                   281.54 USD
  Assets:US:Federal:PreTax401k                    -500.00 IRAUSD
  Expenses:Taxes:Y2021:US:Federal:PreTax401k       500.00 IRAUSD
  Assets:US:Hoogle:Vacation                             5 VACHR
  Income:US:Hoogle:Vacation                            -5 VACHR

2021-08-19 * "Hoogle" "Payroll"
  Assets:US:BofA:Checking                         2550.60 USD
  Income:US:Hoogle:Salary                        -4615.38 USD
  Income:US:Hoogle:GroupTermLife                   -24.32 USD
  Expenses:Health:Life:GroupTermLife                24.32 USD
  Expenses:Health:Dental:Insurance                   2.90 USD
  Expenses:Health:Medical:Insurance                 27.38 USD
  Expenses:Health:Vision:Insurance                  42.30 USD
  Expenses:Taxes:Y2021:US:Medicare                 106.62 USD
  Expenses:Taxes:Y2021:US:Federal                 1062.92 USD
  Expenses:Taxes:Y2021:US:State                    365.08 USD
  Expenses:Taxes:Y2021:US:CityNYC                  174.92 USD
  Expenses:Taxes:Y2021:US:SDI                        1.12 USD
  Expenses:Taxes:Y2021:US:SocSec                   281.54 USD
  Assets:US:Federal:PreTax401k                       0.00 IRAUSD
  Assets:US:Hoogle:Vacation                             5 VACHR
  Income:US:Hoogle:Vacation                            -5 VACHR

2021-09-02 * "Hoogle" "Payroll"
  Assets:US:BofA:Checking                         2550.60 USD
  Income:US:Hoogle:Salary                        -4615.38 USD
  Income:US:Hoogle:GroupTermLife                   -24.32 USD
  Expenses:Health:Life:GroupTermLife                24.32 USD
  Expenses:Health:Dental:Insurance                   2.90 USD
  Expenses:Health:Medical:Insurance                 27.38 USD
  Expenses:Health:Vision:Insurance                  42.30 USD
  Expenses:Taxes:Y2021:US:Medicare                 106.62 USD
  Expenses:Taxes:Y2021:US:Federal                 1062.92 USD
  Expenses:Taxes:Y2021:US:State                    365.08 USD
  Expenses:Taxes:Y2021:US:CityNYC                  174.92 USD
  Expenses:Taxes:Y2021:US:SDI                        1.12 USD
  Expenses:Taxes:Y2021:US:SocSec                   281.54 USD
  Assets:US:Federal:PreTax401k                       0.00 IRAUSD
  Assets:US:Hoogle:Vacation                             5 VACHR
  Income:US:Hoogle:Vacation                            -5 VACHR

2021-09-16 * "Hoogle" "Payroll"
  Assets:US:BofA:Checking                         2550.60 USD
  Income:US:Hoogle:Salary                        -4615.38 USD
  Income:US:Hoogle:GroupTermLife                   -24.32 USD
  Expenses:Health:Life:GroupTermLife                24.32 USD
  Expenses:Health:Dental:Insurance                   2.90 USD
  Expenses:Health:Medical:Insurance                 27.38 USD
  Expenses:Health:Vision:Insurance                  42.30 USD
  Expenses:Taxes:Y2021:US:Medicare                 106.62 USD
  Expenses:Taxes:Y2021:US:Federal                 1062.92 USD
  Expenses:Taxes:Y2021:US:State                    365.08 USD
  Expenses:Taxes:Y2021:US:CityNYC                  174.92 USD
  Expenses:Taxes:Y2021:US:SDI                        1.12 USD
  Expenses:Taxes:Y2021:US:SocSec                   281.54 USD
  Assets:US:Federal:PreTax401k                       0.00 IRAUSD
  Assets:US:Hoogle:Vacation                             5 VACHR
  Income:US:Hoogle:Vacation                            -5 VACHR

2021-09-30 * "Hoogle" "Payroll"
  Assets:US:BofA:Checking                         2550.60 USD
  Income:US:Hoogle:Salary                        -4615.38 USD
  Income:US:Hoogle:GroupTermLife                   -24.32 USD
  Expenses:Health:Life:GroupTermLife                24.32 USD
  Expenses:Health:Dental:Insurance                   2.90 USD
  Expenses:Health:Medical:Insurance                 27.38 USD
  Expenses:Health:Vision:Insurance                  42.30 USD
  Expenses:Taxes:Y2021:US:Medicare                 106.62 USD
  Expenses:Taxes:Y2021:US:Federal                 1062.92 USD
  Expenses:Taxes:Y2021:US:State                    365.08 USD
  Expenses:Taxes:Y2021:US:CityNYC                  174.92 USD
  Expenses:Taxes:Y2021:US:SDI                        1.12 USD
  Expenses:Taxes:Y2021:US:SocSec                   281.54 USD
  Assets:US:Federal:PreTax401k                       0.00 IRAUSD
  Assets:US:Hoogle:Vacation                             5 VACHR
  Income:US:Hoogle:Vacation                            -5 VACHR

2021-10-14 * "Hoogle" "Payroll"
  Assets:US:BofA:Checking                         2550.60 USD
  Income:US:Hoogle:Salary                        -4615.38 USD
  Income:US:Hoogle:GroupTermLife                   -24.32 USD
  Expenses:Health:Life:GroupTermLife                24.32 USD
  Expenses:Health:Dental:Insurance                   2.90 USD
  Expenses:Health:Medical:Insurance                 27.38 USD
  Expenses:Health:Vision:Insurance                  42.30 USD
  Expenses:Taxes:Y2021:US:Medicare                 106.62 USD
  Expenses:Taxes:Y2021:US:Federal                 1062.92 USD
  Expenses:Taxes:Y2021:US:State                    365.08 USD
  Expenses:Taxes:Y2021:US:CityNYC                  174.92 USD
  Expenses:Taxes:Y2021:US:SDI                        1.12 USD
  Expenses:Taxes:Y2021:US:SocSec                   281.54 USD
  Assets:US:Federal:PreTax401k                       0.00 IRAUSD
  Assets:US:Hoogle:Vacation                             5 VACHR
  Income:US:Hoogle:Vacation                            -5 VACHR

2021-10-28 * "Hoogle" "Payroll"
  Assets:US:BofA:Checking                         2550.60 USD
  Income:US:Hoogle:Salary                        -4615.38 USD
  Income:US:Hoogle:GroupTermLife                   -24.32 USD
  Expenses:Health:Life:GroupTermLife                24.32 USD
  Expenses:Health:Dental:Insurance                   2.90 USD
  Expenses:Health:Medical:Insurance                 27.38 USD
  Expenses:Health:Vision:Insurance                  42.30 USD
  Expenses:Taxes:Y2021:US:Medicare                 106.62 USD
  Expenses:Taxes:Y2021:US:Federal                 1062.92 USD
  Expenses:Taxes:Y2021:US:State                    365.08 USD
  Expenses:Taxes:Y2021:US:CityNYC                  174.92 USD
  Expenses:Taxes:Y2021:US:SDI                        1.12 USD
  Expenses:Taxes:Y2021:US:SocSec                   281.54 USD
  Assets:US:Federal:PreTax401k                       0.00 IRAUSD
  Assets:US:Hoogle:Vacation                             5 VACHR
  Income:US:Hoogle:Vacation                            -5 VACHR

2021-11-11 * "Hoogle" "Payroll"
  Assets:US:BofA:Checking                         2550.60 USD
  Income:US:Hoogle:Salary                        -4615.38 USD
  Income:US:Hoogle:GroupTermLife                   -24.32 USD
  Expenses:Health:Life:GroupTermLife                24.32 USD
  Expenses:Health:Dental:Insurance                   2.90 USD
  Expenses:Health:Medical:Insurance                 27.38 USD
  Expenses:Health:Vision:Insurance                  42.30 USD
  Expenses:Taxes:Y2021:US:Medicare                 106.62 USD
  Expenses:Taxes:Y2021:US:Federal                 1062.92 USD
  Expenses:Taxes:Y2021:US:State                    365.08 USD
  Expenses:Taxes:Y2021:US:CityNYC                  174.92 USD
  Expenses:Taxes:Y2021:US:SDI                        1.12 USD
  Expenses:Taxes:Y2021:US:SocSec                   281.54 USD
  Assets:US:Federal:PreTax401k                       0.00 IRAUSD
  Assets:US:Hoogle:Vacation                             5 VACHR
  Income:US:Hoogle:Vacation                            -5 VACHR

2021-11-25 * "Hoogle" "Payroll"
  Assets:US:BofA:Checking                         2550.60 USD
  Income:US:Hoogle:Salary                        -4615.38 USD
  Income:US:Hoogle:GroupTermLife                   -24.32 USD
  Expenses:Health:Life:GroupTermLife                24.32 USD
  Expenses:Health:Dental:Insurance                   2.90 USD
  Expenses:Health:Medical:Insurance                 27.38 USD
  Expenses:Health:Vision:Insurance                  42.30 USD
  Expenses:Taxes:Y2021:US:Medicare                 106.62 USD
  Expenses:Taxes:Y2021:US:Federal                 1062.92 USD
  Expenses:Taxes:Y2021:US:State                    365.08 USD
  Expenses:Taxes:Y2021:US:CityNYC                  174.92 USD
  Expenses:Taxes:Y2021:US:SDI                        1.12 USD
  Expenses:Taxes:Y2021:US:SocSec                   281.54 USD
  Assets:US:Federal:PreTax401k                       0.00 IRAUSD
  Assets:US:Hoogle:Vacation                             5 VACHR
  Income:US:Hoogle:Vacation                            -5 VACHR

2021-12-09 * "Hoogle" "Payroll"
  Assets:US:BofA:Checking                         2589.06 USD
  Income:US:Hoogle:Salary                        -4615.38 USD
  Income:US:Hoogle:GroupTermLife                   -24.32 USD
  Expenses:Health:Life:GroupTermLife                24.32 USD
  Expenses:Health:Dental:Insurance                   2.90 USD
  Expenses:Health:Medical:Insurance                 27.38 USD
  Expenses:Health:Vision:Insurance                  42.30 USD
  Expenses:Taxes:Y2021:US:Medicare                 106.62 USD
  Expenses:Taxes:Y2021:US:Federal                 1062.92 USD
  Expenses:Taxes:Y2021:US:State                    365.08 USD
  Expenses:Taxes:Y2021:US:CityNYC                  174.92 USD
  Expenses:Taxes:Y2021:US:SDI                        1.12 USD
  Expenses:Taxes:Y2021:US:SocSec                   243.08 USD
  Assets:US:Federal:PreTax401k                       0.00 IRAUSD
  Assets:US:Hoogle:Vacation                             5 VACHR
  Income:US:Hoogle:Vacation                            -5 VACHR

2021-12-23 * "Hoogle" "Payroll"
  Assets:US:BofA:Checking                         2832.14 USD
  Income:US:Hoogle:Salary                        -4615.38 USD
  Income:US:Hoogle:GroupTermLife                   -24.32 USD
  Expenses:Health:Life:GroupTermLife                24.32 USD
  Expenses:Health:Dental:Insurance                   2.90 USD
  Expenses:Health:Medical:Insurance                 27.38 USD
  Expenses:Health:Vision:Insurance                  42.30 USD
  Expenses:Taxes:Y2021:US:Medicare                 106.62 USD
  Expenses:Taxes:Y2021:US:Federal                 1062.92 USD
  Expenses:Taxes:Y2021:US:State                    365.08 USD
  Expenses:Taxes:Y2021:US:CityNYC                  174.92 USD
  Expenses:Taxes:Y2021:US:SDI                        1.12 USD
  Expenses:Taxes:Y2021:US:SocSec                     0.00 USD
  Assets:US:Federal:PreTax401k                       0.00 IRAUSD
  Assets:US:Hoogle:Vacation                             5 VACHR
  Income:US:Hoogle:Vacation                            -5 VACHR

2022-01-06 * "Hoogle" "Payroll"
  Assets:US:BofA:Checking                         1350.60 USD
  Assets:US:Vanguard:Cash                         1200.00 USD
  Income:US:Hoogle:Salary                        -4615.38 USD
  Income:US:Hoogle:GroupTermLife                   -24.32 USD
  Expenses:Health:Life:GroupTermLife                24.32 USD
  Expenses:Health:Dental:Insurance                   2.90 USD
  Expenses:Health:Medical:Insurance                 27.38 USD
  Expenses:Health:Vision:Insurance                  42.30 USD
  Expenses:Taxes:Y2022:US:Medicare                 106.62 USD
  Expenses:Taxes:Y2022:US:Federal                 1062.92 USD
  Expenses:Taxes:Y2022:US:State                    365.08 USD
  Expenses:Taxes:Y2022:US:CityNYC                  174.92 USD
  Expenses:Taxes:Y2022:US:SDI                        1.12 USD
  Expenses:Taxes:Y2022:US:SocSec                   281.54 USD
  Assets:US:Federal:PreTax401k                   -1200.00 IRAUSD
  Expenses:Taxes:Y2022:US:Federal:PreTax401k      1200.00 IRAUSD
  Assets:US:Hoogle:Vacation                             5 VACHR
  Income:US:Hoogle:Vacation                            -5 VACHR

2022-01-20 * "Hoogle" "Payroll"
  Assets:US:BofA:Checking                         1350.60 USD
  Assets:US:Vanguard:Cash                         1200.00 USD
  Income:US:Hoogle:Salary                        -4615.38 USD
  Income:US:Hoogle:GroupTermLife                   -24.32 USD
  Expenses:Health:Life:GroupTermLife                24.32 USD
  Expenses:Health:Dental:Insurance                   2.90 USD
  Expenses:Health:Medical:Insurance                 27.38 USD
  Expenses:Health:Vision:Insurance                  42.30 USD
  Expenses:Taxes:Y2022:US:Medicare                 106.62 USD
  Expenses:Taxes:Y2022:US:Federal                 1062.92 USD
  Expenses:Taxes:Y2022:US:State                    365.08 USD
  Expenses:Taxes:Y2022:US:CityNYC                  174.92 USD
  Expenses:Taxes:Y2022:US:SDI                        1.12 USD
  Expenses:Taxes:Y2022:US:SocSec                   281.54 USD
  Assets:US:Federal:PreTax401k                   -1200.00 IRAUSD
  Expenses:Taxes:Y2022:US:Federal:PreTax401k      1200.00 IRAUSD
  Assets:US:Hoogle:Vacation                             5 VACHR
  Income:US:Hoogle:Vacation                            -5 VACHR

2022-02-03 * "Hoogle" "Payroll"
  Assets:US:BofA:Checking                         1350.60 USD
  Assets:US:Vanguard:Cash                         1200.00 USD
  Income:US:Hoogle:Salary                        -4615.38 USD
  Income:US:Hoogle:GroupTermLife                   -24.32 USD
  Expenses:Health:Life:GroupTermLife                24.32 USD
  Expenses:Health:Dental:Insurance                   2.90 USD
  Expenses:Health:Medical:Insurance                 27.38 USD
  Expenses:Health:Vision:Insurance                  42.30 USD
  Expenses:Taxes:Y2022:US:Medicare                 106.62 USD
  Expenses:Taxes:Y2022:US:Federal                 1062.92 USD
  Expenses:Taxes:Y2022:US:State                    365.08 USD
  Expenses:Taxes:Y2022:US:CityNYC                  174.92 USD
  Expenses:Taxes:Y2022:US:SDI                        1.12 USD
  Expenses:Taxes:Y2022:US:SocSec                   281.54 USD
  Assets:US:Federal:PreTax401k                   -1200.00 IRAUSD
  Expenses:Taxes:Y2022:US:Federal:PreTax401k      1200.00 IRAUSD
  Assets:US:Hoogle:Vacation                             5 VACHR
  Income:US:Hoogle:Vacation                            -5 VACHR

2022-02-17 * "Hoogle" "Payroll"
  Assets:US:BofA:Checking                         1350.60 USD
  Assets:US:Vanguard:Cash                         1200.00 USD
  Income:US:Hoogle:Salary                        -4615.38 USD
  Income:US:Hoogle:GroupTermLife                   -24.32 USD
  Expenses:Health:Life:GroupTermLife                24.32 USD
  Expenses:Health:Dental:Insurance                   2.90 USD
  Expenses:Health:Medical:Insurance                 27.38 USD
  Expenses:Health:Vision:Insurance                  42.30 USD
  Expenses:Taxes:Y2022:US:Medicare                 106.62 USD
  Expenses:Taxes:Y2022:US:Federal                 1062.92 USD
  Expenses:Taxes:Y2022:US:State                    365.08 USD
  Expenses:Taxes:Y2022:US:CityNYC                  174.92 USD
  Expenses:Taxes:Y2022:US:SDI                        1.12 USD
  Expenses:Taxes:Y2022:US:SocSec                   281.54 USD
  Assets:US:Federal:PreTax401k                   -1200.00 IRAUSD
  Expenses:Taxes:Y2022:US:Federal:PreTax401k      1200.00 IRAUSD
  Assets:US:Hoogle:Vacation                             5 VACHR
  Income:US:Hoogle:Vacation                            -5 VACHR

2022-03-03 * "Hoogle" "Payroll"
  Assets:US:BofA:Checking                         1350.60 USD
  Assets:US:Vanguard:Cash                         1200.00 USD
  Income:US:Hoogle:Salary                        -4615.38 USD
  Income:US:Hoogle:GroupTermLife                   -24.32 USD
  Expenses:Health:Life:GroupTermLife                24.32 USD
  Expenses:Health:Dental:Insurance                   2.90 USD
  Expenses:Health:Medical:Insurance                 27.38 USD
  Expenses:Health:Vision:Insurance                  42.30 USD
  Expenses:Taxes:Y2022:US:Medicare                 106.62 USD
  Expenses:Taxes:Y2022:US:Federal                 1062.92 USD
  Expenses:Taxes:Y2022:US:State                    365.08 USD
  Expenses:Taxes:Y2022:US:CityNYC                  174.92 USD
  Expenses:Taxes:Y2022:US:SDI                        1.12 USD
  Expenses:Taxes:Y2022:US:SocSec                   281.54 USD
  Assets:US:Federal:PreTax401k                   -1200.00 IRAUSD
  Expenses:Taxes:Y2022:US:Federal:PreTax401k      1200.00 IRAUSD
  Assets:US:Hoogle:Vacation                             5 VACHR
  Income:US:Hoogle:Vacation                            -5 VACHR

2022-03-17 * "Hoogle" "Payroll"
  Assets:US:BofA:Checking                         1350.60 USD
  Assets:US:Vanguard:Cash                         1200.00 USD
  Income:US:Hoogle:Salary                        -4615.38 USD
  Income:US:Hoogle:GroupTermLife                   -24.32 USD
  Expenses:Health:Life:GroupTermLife                24.32 USD
  Expenses:Health:Dental:Insurance                   2.90 USD
  Expenses:Health:Medical:Insurance                 27.38 USD
  Expenses:Health:Vision:Insurance                  42.30 USD
  Expenses:Taxes:Y2022:US:Medicare                 106.62 USD
  Expenses:Taxes:Y2022:US:Federal                 1062.92 USD
  Expenses:Taxes:Y2022:US:State                    365.08 USD
  Expenses:Taxes:Y2022:US:CityNYC                  174.92 USD
  Expenses:Taxes:Y2022:US:SDI                        1.12 USD
  Expenses:Taxes:Y2022:US:SocSec                   281.54 USD
  Assets:US:Federal:PreTax401k                   -1200.00 IRAUSD
  Expenses:Taxes:Y2022:US:Federal:PreTax401k      1200.00 IRAUSD
  Assets:US:Hoogle:Vacation                             5 VACHR
  Income:US:Hoogle:Vacation                            -5 VACHR

2022-03-31 * "Hoogle" "Payroll"
  Assets:US:BofA:Checking                         1350.60 USD
  Assets:US:Vanguard:Cash                         1200.00 USD
  Income:US:Hoogle:Salary                        -4615.38 USD
  Income:US:Hoogle:GroupTermLife                   -24.32 USD
  Expenses:Health:Life:GroupTermLife                24.32 USD
  Expenses:Health:Dental:Insurance                   2.90 USD
  Expenses:Health:Medical:Insurance                 27.38 USD
  Expenses:Health:Vision:Insurance                  42.30 USD
  Expenses:Taxes:Y2022:US:Medicare                 106.62 USD
  Expenses:Taxes:Y2022:US:Federal                 1062.92 USD
  Expenses:Taxes:Y2022:US:State                    365.08 USD
  Expenses:Taxes:Y2022:US:CityNYC                  174.92 USD
  Expenses:Taxes:Y2022:US:SDI                        1.12 USD
  Expenses:Taxes:Y2022:US:SocSec                   281.54 USD
  Assets:US:Federal:PreTax401k                   -1200.00 IRAUSD
  Expenses:Taxes:Y2022:US:Federal:PreTax401k      1200.00 IRAUSD
  Assets:US:Hoogle:Vacation                             5 VACHR
  Income:US:Hoogle:Vacation                            -5 VACHR

2022-04-14 * "Hoogle" "Payroll"
  Assets:US:BofA:Checking                         1350.60 USD
  Assets:US:Vanguard:Cash                         1200.00 USD
  Income:US:Hoogle:Salary                        -4615.38 USD
  Income:US:Hoogle:GroupTermLife                   -24.32 USD
  Expenses:Health:Life:GroupTermLife                24.32 USD
  Expenses:Health:Dental:Insurance                   2.90 USD
  Expenses:Health:Medical:Insurance                 27.38 USD
  Expenses:Health:Vision:Insurance                  42.30 USD
  Expenses:Taxes:Y2022:US:Medicare                 106.62 USD
  Expenses:Taxes:Y2022:US:Federal                 1062.92 USD
  Expenses:Taxes:Y2022:US:State                    365.08 USD
  Expenses:Taxes:Y2022:US:CityNYC                  174.92 USD
  Expenses:Taxes:Y2022:US:SDI                        1.12 USD
  Expenses:Taxes:Y2022:US:SocSec                   281.54 USD
  Assets:US:Federal:PreTax401k                   -1200.00 IRAUSD
  Expenses:Taxes:Y2022:US:Federal:PreTax401k      1200.00 IRAUSD
  Assets:US:Hoogle:Vacation                             5 VACHR
  Income:US:Hoogle:Vacation                            -5 VACHR

2022-04-28 * "Hoogle" "Payroll"
  Assets:US:BofA:Checking                         1350.60 USD
  Assets:US:Vanguard:Cash                         1200.00 USD
  Income:US:Hoogle:Salary                        -4615.38 USD
  Income:US:Hoogle:GroupTermLife                   -24.32 USD
  Expenses:Health:Life:GroupTermLife                24.32 USD
  Expenses:Health:Dental:Insurance                   2.90 USD
  Expenses:Health:Medical:Insurance                 27.38 USD
  Expenses:Health:Vision:Insurance                  42.30 USD
  Expenses:Taxes:Y2022:US:Medicare                 106.62 USD
  Expenses:Taxes:Y2022:US:Federal                 1062.92 USD
  Expenses:Taxes:Y2022:US:State                    365.08 USD
  Expenses:Taxes:Y2022:US:CityNYC                  174.92 USD
  Expenses:Taxes:Y2022:US:SDI                        1.12 USD
  Expenses:Taxes:Y2022:US:SocSec                   281.54 USD
  Assets:US:Federal:PreTax401k                   -1200.00 IRAUSD
  Expenses:Taxes:Y2022:US:Federal:PreTax401k      1200.00 IRAUSD
  Assets:US:Hoogle:Vacation                             5 VACHR
  Income:US:Hoogle:Vacation                            -5 VACHR

2022-05-12 * "Hoogle" "Payroll"
  Assets:US:BofA:Checking                         1350.60 USD
  Assets:US:Vanguard:Cash                         1200.00 USD
  Income:US:Hoogle:Salary                        -4615.38 USD
  Income:US:Hoogle:GroupTermLife                   -24.32 USD
  Expenses:Health:Life:GroupTermLife                24.32 USD
  Expenses:Health:Dental:Insurance                   2.90 USD
  Expenses:Health:Medical:Insurance                 27.38 USD
  Expenses:Health:Vision:Insurance                  42.30 USD
  Expenses:Taxes:Y2022:US:Medicare                 106.62 USD
  Expenses:Taxes:Y2022:US:Federal                 1062.92 USD
  Expenses:Taxes:Y2022:US:State                    365.08 USD
  Expenses:Taxes:Y2022:US:CityNYC                  174.92 USD
  Expenses:Taxes:Y2022:US:SDI                        1.12 USD
  Expenses:Taxes:Y2022:US:SocSec                   281.54 USD
  Assets:US:Federal:PreTax401k                   -1200.00 IRAUSD
  Expenses:Taxes:Y2022:US:Federal:PreTax401k      1200.00 IRAUSD
  Assets:US:Hoogle:Vacation                             5 VACHR
  Income:US:Hoogle:Vacation                            -5 VACHR

2022-05-26 * "Hoogle" "Payroll"
  Assets:US:BofA:Checking                         1350.60 USD
  Assets:US:Vanguard:Cash                         1200.00 USD
  Income:US:Hoogle:Salary                        -4615.38 USD
  Income:US:Hoogle:GroupTermLife                   -24.32 USD
  Expenses:Health:Life:GroupTermLife                24.32 USD
  Expenses:Health:Dental:Insurance                   2.90 USD
  Expenses:Health:Medical:Insurance                 27.38 USD
  Expenses:Health:Vision:Insurance                  42.30 USD
  Expenses:Taxes:Y2022:US:Medicare                 106.62 USD
  Expenses:Taxes:Y2022:US:Federal                 1062.92 USD
  Expenses:Taxes:Y2022:US:State                    365.08 USD
  Expenses:Taxes:Y2022:US:CityNYC                  174.92 USD
  Expenses:Taxes:Y2022:US:SDI                        1.12 USD
  Expenses:Taxes:Y2022:US:SocSec                   281.54 USD
  Assets:US:Federal:PreTax401k                   -1200.00 IRAUSD
  Expenses:Taxes:Y2022:US:Federal:PreTax401k      1200.00 IRAUSD
  Assets:US:Hoogle:Vacation                             5 VACHR
  Income:US:Hoogle:Vacation                            -5 VACHR

2022-06-09 * "Hoogle" "Payroll"
  Assets:US:BofA:Checking                         1350.60 USD
  Assets:US:Vanguard:Cash                         1200.00 USD
  Income:US:Hoogle:Salary                        -4615.38 USD
  Income:US:Hoogle:GroupTermLife                   -24.32 USD
  Expenses:Health:Life:GroupTermLife                24.32 USD
  Expenses:Health:Dental:Insurance                   2.90 USD
  Expenses:Health:Medical:Insurance                 27.38 USD
  Expenses:Health:Vision:Insurance                  42.30 USD
  Expenses:Taxes:Y2022:US:Medicare                 106.62 USD
  Expenses:Taxes:Y2022:US:Federal                 1062.92 USD
  Expenses:Taxes:Y2022:US:State                    365.08 USD
  Expenses:Taxes:Y2022:US:CityNYC                  174.92 USD
  Expenses:Taxes:Y2022:US:SDI                        1.12 USD
  Expenses:Taxes:Y2022:US:SocSec                   281.54 USD
  Assets:US:Federal:PreTax401k                   -1200.00 IRAUSD
  Expenses:Taxes:Y2022:US:Federal:PreTax401k      1200.00 IRAUSD
  Assets:US:Hoogle:Vacation                             5 VACHR
  Income:US:Hoogle:Vacation                            -5 VACHR

2022-06-23 * "Hoogle" "Payroll"
  Assets:US:BofA:Checking                         1350.60 USD
  Assets:US:Vanguard:Cash                         1200.00 USD
  Income:US:Hoogle:Salary                        -4615.38 USD
  Income:US:Hoogle:GroupTermLife                   -24.32 USD
  Expenses:Health:Life:GroupTermLife                24.32 USD
  Expenses:Health:Dental:Insurance                   2.90 USD
  Expenses:Health:Medical:Insurance                 27.38 USD
  Expenses:Health:Vision:Insurance                  42.30 USD
  Expenses:Taxes:Y2022:US:Medicare                 106.62 USD
  Expenses:Taxes:Y2022:US:Federal                 1062.92 USD
  Expenses:Taxes:Y2022:US:State                    365.08 USD
  Expenses:Taxes:Y2022:US:CityNYC                  174.92 USD
  Expenses:Taxes:Y2022:US:SDI                        1.12 USD
  Expenses:Taxes:Y2022:US:SocSec                   281.54 USD
  Assets:US:Federal:PreTax401k                   -1200.00 IRAUSD
  Expenses:Taxes:Y2022:US:Federal:PreTax401k      1200.00 IRAUSD
  Assets:US:Hoogle:Vacation                             5 VACHR
  Income:US:Hoogle:Vacation                            -5 VACHR

2022-07-07 * "Hoogle" "Payroll"
  Assets:US:BofA:Checking                         1350.60 USD
  Assets:US:Vanguard:Cash                         1200.00 USD
  Income:US:Hoogle:Salary                        -4615.38 USD
  Income:US:Hoogle:GroupTermLife                   -24.32 USD
  Expenses:Health:Life:GroupTermLife                24.32 USD
  Expenses:Health:Dental:Insurance                   2.90 USD
  Expenses:Health:Medical:Insurance                 27.38 USD
  Expenses:Health:Vision:Insurance                  42.30 USD
  Expenses:Taxes:Y2022:US:Medicare                 106.62 USD
  Expenses:Taxes:Y2022:US:Federal                 1062.92 USD
  Expenses:Taxes:Y2022:US:State                    365.08 USD
  Expenses:Taxes:Y2022:US:CityNYC                  174.92 USD
  Expenses:Taxes:Y2022:US:SDI                        1.12 USD
  Expenses:Taxes:Y2022:US:SocSec                   281.54 USD
  Assets:US:Federal:PreTax401k                   -1200.00 IRAUSD
  Expenses:Taxes:Y2022:US:Federal:PreTax401k      1200.00 IRAUSD
  Assets:US:Hoogle:Vacation                             5 VACHR
  Income:US:Hoogle:Vacation                            -5 VACHR

2022-07-21 * "Hoogle" "Payroll"
  Assets:US:BofA:Checking                         1350.60 USD
  Assets:US:Vanguard:Cash                         1200.00 USD
  Income:US:Hoogle:Salary                        -4615.38 USD
  Income:US:Hoogle:GroupTermLife                   -24.32 USD
  Expenses:Health:Life:GroupTermLife                24.32 USD
  Expenses:Health:Dental:Insurance                   2.90 USD
  Expenses:Health:Medical:Insurance                 27.38 USD
  Expenses:Health:Vision:Insurance                  42.30 USD
  Expenses:Taxes:Y2022:US:Medicare                 106.62 USD
  Expenses:Taxes:Y2022:US:Federal                 1062.92 USD
  Expenses:Taxes:Y2022:US:State                    365.08 USD
  Expenses:Taxes:Y2022:US:CityNYC                  174.92 USD
  Expenses:Taxes:Y2022:US:SDI                        1.12 USD
  Expenses:Taxes:Y2022:US:SocSec                   281.54 USD
  Assets:US:Federal:PreTax401k                   -1200.00 IRAUSD
  Expenses:Taxes:Y2022:US:Federal:PreTax401k      1200.00 IRAUSD
  Assets:US:Hoogle:Vacation                             5 VACHR
  Income:US:Hoogle:Vacation                            -5 VACHR

2022-08-04 * "Hoogle" "Payroll"
  Assets:US:BofA:Checking                         2050.60 USD
  Assets:US:Vanguard:Cash                          500.00 USD
  Income:US:Hoogle:Salary                        -4615.38 USD
  Income:US:Hoogle:GroupTermLife                   -24.32 USD
  Expenses:Health:Life:GroupTermLife                24.32 USD
  Expenses:Health:Dental:Insurance                   2.90 USD
  Expenses:Health:Medical:Insurance                 27.38 USD
  Expenses:Health:Vision:Insurance                  42.30 USD
  Expenses:Taxes:Y2022:US:Medicare                 106.62 USD
  Expenses:Taxes:Y2022:US:Federal                 1062.92 USD
  Expenses:Taxes:Y2022:US:State                    365.08 USD
  Expenses:Taxes:Y2022:US:CityNYC                  174.92 USD
  Expenses:Taxes:Y2022:US:SDI                        1.12 USD
  Expenses:Taxes:Y2022:US:SocSec                   281.54 USD
  Assets:US:Federal:PreTax401k                    -500.00 IRAUSD
  Expenses:Taxes:Y2022:US:Federal:PreTax401k       500.00 IRAUSD
  Assets:US:Hoogle:Vacation                             5 VACHR
  Income:US:Hoogle:Vacation                            -5 VACHR

2022-08-18 * "Hoogle" "Payroll"
  Assets:US:BofA:Checking                         2550.60 USD
  Income:US:Hoogle:Salary                        -4615.38 USD
  Income:US:Hoogle:GroupTermLife                   -24.32 USD
  Expenses:Health:Life:GroupTermLife                24.32 USD
  Expenses:Health:Dental:Insurance                   2.90 USD
  Expenses:Health:Medical:Insurance                 27.38 USD
  Expenses:Health:Vision:Insurance                  42.30 USD
  Expenses:Taxes:Y2022:US:Medicare                 106.62 USD
  Expenses:Taxes:Y2022:US:Federal                 1062.92 USD
  Expenses:Taxes:Y2022:US:State                    365.08 USD
  Expenses:Taxes:Y2022:US:CityNYC                  174.92 USD
  Expenses:Taxes:Y2022:US:SDI                        1.12 USD
  Expenses:Taxes:Y2022:US:SocSec                   281.54 USD
  Assets:US:Federal:PreTax401k                       0.00 IRAUSD
  Assets:US:Hoogle:Vacation                             5 VACHR
  Income:US:Hoogle:Vacation                            -5 VACHR

2022-09-01 * "Hoogle" "Payroll"
  Assets:US:BofA:Checking                         2550.60 USD
  Income:US:Hoogle:Salary                        -4615.38 USD
  Income:US:Hoogle:GroupTermLife                   -24.32 USD
  Expenses:Health:Life:GroupTermLife                24.32 USD
  Expenses:Health:Dental:Insurance                   2.90 USD
  Expenses:Health:Medical:Insurance                 27.38 USD
  Expenses:Health:Vision:Insurance                  42.30 USD
  Expenses:Taxes:Y2022:US:Medicare                 106.62 USD
  Expenses:Taxes:Y2022:US:Federal                 1062.92 USD
  Expenses:Taxes:Y2022:US:State                    365.08 USD
  Expenses:Taxes:Y2022:US:CityNYC                  174.92 USD
  Expenses:Taxes:Y2022:US:SDI                        1.12 USD
  Expenses:Taxes:Y2022:US:SocSec                   281.54 USD
  Assets:US:Federal:PreTax401k                       0.00 IRAUSD
  Assets:US:Hoogle:Vacation                             5 VACHR
  Income:US:Hoogle:Vacation                            -5 VACHR

2022-09-15 * "Hoogle" "Payroll"
  Assets:US:BofA:Checking                         2550.60 USD
  Income:US:Hoogle:Salary                        -4615.38 USD
  Income:US:Hoogle:GroupTermLife                   -24.32 USD
  Expenses:Health:Life:GroupTermLife                24.32 USD
  Expenses:Health:Dental:Insurance                   2.90 USD
  Expenses:Health:Medical:Insurance                 27.38 USD
  Expenses:Health:Vision:Insurance                  42.30 USD
  Expenses:Taxes:Y2022:US:Medicare                 106.62 USD
  Expenses:Taxes:Y2022:US:Federal                 1062.92 USD
  Expenses:Taxes:Y2022:US:State                    365.08 USD
  Expenses:Taxes:Y2022:US:CityNYC                  174.92 USD
  Expenses:Taxes:Y2022:US:SDI                        1.12 USD
  Expenses:Taxes:Y2022:US:SocSec                   281.54 USD
  Assets:US:Federal:PreTax401k                       0.00 IRAUSD
  Assets:US:Hoogle:Vacation                             5 VACHR
  Income:US:Hoogle:Vacation                            -5 VACHR

2022-09-29 * "Hoogle" "Payroll"
  Assets:US:BofA:Checking                         2550.60 USD
  Income:US:Hoogle:Salary                        -4615.38 USD
  Income:US:Hoogle:GroupTermLife                   -24.32 USD
  Expenses:Health:Life:GroupTermLife                24.32 USD
  Expenses:Health:Dental:Insurance                   2.90 USD
  Expenses:Health:Medical:Insurance                 27.38 USD
  Expenses:Health:Vision:Insurance                  42.30 USD
  Expenses:Taxes:Y2022:US:Medicare                 106.62 USD
  Expenses:Taxes:Y2022:US:Federal                 1062.92 USD
  Expenses:Taxes:Y2022:US:State                    365.08 USD
  Expenses:Taxes:Y2022:US:CityNYC                  174.92 USD
  Expenses:Taxes:Y2022:US:SDI                        1.12 USD
  Expenses:Taxes:Y2022:US:SocSec                   281.54 USD
  Assets:US:Federal:PreTax401k                       0.00 IRAUSD
  Assets:US:Hoogle:Vacation                             5 VACHR
  Income:US:Hoogle:Vacation                            -5 VACHR

2022-10-13 * "Hoogle" "Payroll"
  Assets:US:BofA:Checking                         2550.60 USD
  Income:US:Hoogle:Salary                        -4615.38 USD
  Income:US:Hoogle:GroupTermLife                   -24.32 USD
  Expenses:Health:Life:GroupTermLife                24.32 USD
  Expenses:Health:Dental:Insurance                   2.90 USD
  Expenses:Health:Medical:Insurance                 27.38 USD
  Expenses:Health:Vision:Insurance                  42.30 USD
  Expenses:Taxes:Y2022:US:Medicare                 106.62 USD
  Expenses:Taxes:Y2022:US:Federal                 1062.92 USD
  Expenses:Taxes:Y2022:US:State                    365.08 USD
  Expenses:Taxes:Y2022:US:CityNYC                  174.92 USD
  Expenses:Taxes:Y2022:US:SDI                        1.12 USD
  Expenses:Taxes:Y2022:US:SocSec                   281.54 USD
  Assets:US:Federal:PreTax401k                       0.00 IRAUSD
  Assets:US:Hoogle:Vacation                             5 VACHR
  Income:US:Hoogle:Vacation                            -5 VACHR

2022-10-27 * "Hoogle" "Payroll"
  Assets:US:BofA:Checking                         2550.60 USD
  Income:US:Hoogle:Salary                        -4615.38 USD
  Income:US:Hoogle:GroupTermLife                   -24.32 USD
  Expenses:Health:Life:GroupTermLife                24.32 USD
  Expenses:Health:Dental:Insurance                   2.90 USD
  Expenses:Health:Medical:Insurance                 27.38 USD
  Expenses:Health:Vision:Insurance                  42.30 USD
  Expenses:Taxes:Y2022:US:Medicare                 106.62 USD
  Expenses:Taxes:Y2022:US:Federal                 1062.92 USD
  Expenses:Taxes:Y2022:US:State                    365.08 USD
  Expenses:Taxes:Y2022:US:CityNYC                  174.92 USD
  Expenses:Taxes:Y2022:US:SDI                        1.12 USD
  Expenses:Taxes:Y2022:US:SocSec                   281.54 USD
  Assets:US:Federal:PreTax401k                       0.00 IRAUSD
  Assets:US:Hoogle:Vacation                             5 VACHR
  Income:US:Hoogle:Vacation                            -5 VACHR

2022-11-10 * "Hoogle" "Payroll"
  Assets:US:BofA:Checking                         2550.60 USD
  Income:US:Hoogle:Salary                        -4615.38 USD
  Income:US:Hoogle:GroupTermLife                   -24.32 USD
  Expenses:Health:Life:GroupTermLife                24.32 USD
  Expenses:Health:Dental:Insurance                   2.90 USD
  Expenses:Health:Medical:Insurance                 27.38 USD
  Expenses:Health:Vision:Insurance                  42.30 USD
  Expenses:Taxes:Y2022:US:Medicare                 106.62 USD
  Expenses:Taxes:Y2022:US:Federal                 1062.92 USD
  Expenses:Taxes:Y2022:US:State                    365.08 USD
  Expenses:Taxes:Y2022:US:CityNYC                  174.92 USD
  Expenses:Taxes:Y2022:US:SDI                        1.12 USD
  Expenses:Taxes:Y2022:US:SocSec                   281.54 USD
  Assets:US:Federal:PreTax401k                       0.00 IRAUSD
  Assets:US:Hoogle:Vacation                             5 VACHR
  Income:US:Hoogle:Vacation                            -5 VACHR

2022-11-24 * "Hoogle" "Payroll"
  Assets:US:BofA:Checking                         2550.60 USD
  Income:US:Hoogle:Salary                        -4615.38 USD
  Income:US:Hoogle:GroupTermLife                   -24.32 USD
  Expenses:Health:Life:GroupTermLife                24.32 USD
  Expenses:Health:Dental:Insurance                   2.90 USD
  Expenses:Health:Medical:Insurance                 27.38 USD
  Expenses:Health:Vision:Insurance                  42.30 USD
  Expenses:Taxes:Y2022:US:Medicare                 106.62 USD
  Expenses:Taxes:Y2022:US:Federal                 1062.92 USD
  Expenses:Taxes:Y2022:US:State                    365.08 USD
  Expenses:Taxes:Y2022:US:CityNYC                  174.92 USD
  Expenses:Taxes:Y2022:US:SDI                        1.12 USD
  Expenses:Taxes:Y2022:US:SocSec                   281.54 USD
  Assets:US:Federal:PreTax401k                       0.00 IRAUSD
  Assets:US:Hoogle:Vacation                             5 VACHR
  Income:US:Hoogle:Vacation                            -5 VACHR

2022-12-08 * "Hoogle" "Payroll"
  Assets:US:BofA:Checking                         2589.06 USD
  Income:US:Hoogle:Salary                        -4615.38 USD
  Income:US:Hoogle:GroupTermLife                   -24.32 USD
  Expenses:Health:Life:GroupTermLife                24.32 USD
  Expenses:Health:Dental:Insurance                   2.90 USD
  Expenses:Health:Medical:Insurance                 27.38 USD
  Expenses:Health:Vision:Insurance                  42.30 USD
  Expenses:Taxes:Y2022:US:Medicare                 106.62 USD
  Expenses:Taxes:Y2022:US:Federal                 1062.92 USD
  Expenses:Taxes:Y2022:US:State                    365.08 USD
  Expenses:Taxes:Y2022:US:CityNYC                  174.92 USD
  Expenses:Taxes:Y2022:US:SDI                        1.12 USD
  Expenses:Taxes:Y2022:US:SocSec                   243.08 USD
  Assets:US:Federal:PreTax401k                       0.00 IRAUSD
  Assets:US:Hoogle:Vacation                             5 VACHR
  Income:US:Hoogle:Vacation                            -5 VACHR

2022-12-22 * "Hoogle" "Payroll"
  Assets:US:BofA:Checking                         2832.14 USD
  Income:US:Hoogle:Salary                        -4615.38 USD
  Income:US:Hoogle:GroupTermLife                   -24.32 USD
  Expenses:Health:Life:GroupTermLife                24.32 USD
  Expenses:Health:Dental:Insurance                   2.90 USD
  Expenses:Health:Medical:Insurance                 27.38 USD
  Expenses:Health:Vision:Insurance                  42.30 USD
  Expenses:Taxes:Y2022:US:Medicare                 106.62 USD
  Expenses:Taxes:Y2022:US:Federal                 1062.92 USD
  Expenses:Taxes:Y2022:US:State                    365.08 USD
  Expenses:Taxes:Y2022:US:CityNYC                  174.92 USD
  Expenses:Taxes:Y2022:US:SDI                        1.12 USD
  Expenses:Taxes:Y2022:US:SocSec                     0.00 USD
  Assets:US:Federal:PreTax401k                       0.00 IRAUSD
  Assets:US:Hoogle:Vacation                             5 VACHR
  Income:US:Hoogle:Vacation                            -5 VACHR

2023-01-05 * "Hoogle" "Payroll"
  Assets:US:BofA:Checking                         1350.60 USD
  Assets:US:Vanguard:Cash                         1200.00 USD
  Income:US:Hoogle:Salary                        -4615.38 USD
  Income:US:Hoogle:GroupTermLife                   -24.32 USD
  Expenses:Health:Life:GroupTermLife                24.32 USD
  Expenses:Health:Dental:Insurance                   2.90 USD
  Expenses:Health:Medical:Insurance                 27.38 USD
  Expenses:Health:Vision:Insurance                  42.30 USD
  Expenses:Taxes:Y2023:US:Medicare                 106.62 USD
  Expenses:Taxes:Y2023:US:Federal                 1062.92 USD
  Expenses:Taxes:Y2023:US:State                    365.08 USD
  Expenses:Taxes:Y2023:US:CityNYC                  174.92 USD
  Expenses:Taxes:Y2023:US:SDI                        1.12 USD
  Expenses:Taxes:Y2023:US:SocSec                   281.54 USD
  Assets:US:Federal:PreTax401k                   -1200.00 IRAUSD
  Expenses:Taxes:Y2023:US:Federal:PreTax401k      1200.00 IRAUSD
  Assets:US:Hoogle:Vacation                             5 VACHR
  Income:US:Hoogle:Vacation                            -5 VACHR

2023-01-19 * "Hoogle" "Payroll"
  Assets:US:BofA:Checking                         1350.60 USD
  Assets:US:Vanguard:Cash                         1200.00 USD
  Income:US:Hoogle:Salary                        -4615.38 USD
  Income:US:Hoogle:GroupTermLife                   -24.32 USD
  Expenses:Health:Life:GroupTermLife                24.32 USD
  Expenses:Health:Dental:Insurance                   2.90 USD
  Expenses:Health:Medical:Insurance                 27.38 USD
  Expenses:Health:Vision:Insurance                  42.30 USD
  Expenses:Taxes:Y2023:US:Medicare                 106.62 USD
  Expenses:Taxes:Y2023:US:Federal                 1062.92 USD
  Expenses:Taxes:Y2023:US:State                    365.08 USD
  Expenses:Taxes:Y2023:US:CityNYC                  174.92 USD
  Expenses:Taxes:Y2023:US:SDI                        1.12 USD
  Expenses:Taxes:Y2023:US:SocSec                   281.54 USD
  Assets:US:Federal:PreTax401k                   -1200.00 IRAUSD
  Expenses:Taxes:Y2023:US:Federal:PreTax401k      1200.00 IRAUSD
  Assets:US:Hoogle:Vacation                             5 VACHR
  Income:US:Hoogle:Vacation                            -5 VACHR

2023-02-02 * "Hoogle" "Payroll"
  Assets:US:BofA:Checking                         1350.60 USD
  Assets:US:Vanguard:Cash                         1200.00 USD
  Income:US:Hoogle:Salary                        -4615.38 USD
  Income:US:Hoogle:GroupTermLife                   -24.32 USD
  Expenses:Health:Life:GroupTermLife                24.32 USD
  Expenses:Health:Dental:Insurance                   2.90 USD
  Expenses:Health:Medical:Insurance                 27.38 USD
  Expenses:Health:Vision:Insurance                  42.30 USD
  Expenses:Taxes:Y2023:US:Medicare                 106.62 USD
  Expenses:Taxes:Y2023:US:Federal                 1062.92 USD
  Expenses:Taxes:Y2023:US:State                    365.08 USD
  Expenses:Taxes:Y2023:US:CityNYC                  174.92 USD
  Expenses:Taxes:Y2023:US:SDI                        1.12 USD
  Expenses:Taxes:Y2023:US:SocSec                   281.54 USD
  Assets:US:Federal:PreTax401k                   -1200.00 IRAUSD
  Expenses:Taxes:Y2023:US:Federal:PreTax401k      1200.00 IRAUSD
  Assets:US:Hoogle:Vacation                             5 VACHR
  Income:US:Hoogle:Vacation                            -5 VACHR

2023-02-16 * "Hoogle" "Payroll"
  Assets:US:BofA:Checking                         1350.60 USD
  Assets:US:Vanguard:Cash                         1200.00 USD
  Income:US:Hoogle:Salary                        -4615.38 USD
  Income:US:Hoogle:GroupTermLife                   -24.32 USD
  Expenses:Health:Life:GroupTermLife                24.32 USD
  Expenses:Health:Dental:Insurance                   2.90 USD
  Expenses:Health:Medical:Insurance                 27.38 USD
  Expenses:Health:Vision:Insurance                  42.30 USD
  Expenses:Taxes:Y2023:US:Medicare                 106.62 USD
  Expenses:Taxes:Y2023:US:Federal                 1062.92 USD
  Expenses:Taxes:Y2023:US:State                    365.08 USD
  Expenses:Taxes:Y2023:US:CityNYC                  174.92 USD
  Expenses:Taxes:Y2023:US:SDI                        1.12 USD
  Expenses:Taxes:Y2023:US:SocSec                   281.54 USD
  Assets:US:Federal:PreTax401k                   -1200.00 IRAUSD
  Expenses:Taxes:Y2023:US:Federal:PreTax401k      1200.00 IRAUSD
  Assets:US:Hoogle:Vacation                             5 VACHR
  Income:US:Hoogle:Vacation                            -5 VACHR

2023-03-02 * "Hoogle" "Payroll"
  Assets:US:BofA:Checking                         1350.60 USD
  Assets:US:Vanguard:Cash                         1200.00 USD
  Income:US:Hoogle:Salary                        -4615.38 USD
  Income:US:Hoogle:GroupTermLife                   -24.32 USD
  Expenses:Health:Life:GroupTermLife                24.32 USD
  Expenses:Health:Dental:Insurance                   2.90 USD
  Expenses:Health:Medical:Insurance                 27.38 USD
  Expenses:Health:Vision:Insurance                  42.30 USD
  Expenses:Taxes:Y2023:US:Medicare                 106.62 USD
  Expenses:Taxes:Y2023:US:Federal                 1062.92 USD
  Expenses:Taxes:Y2023:US:State                    365.08 USD
  Expenses:Taxes:Y2023:US:CityNYC                  174.92 USD
  Expenses:Taxes:Y2023:US:SDI                        1.12 USD
  Expenses:Taxes:Y2023:US:SocSec                   281.54 USD
  Assets:US:Federal:PreTax401k                   -1200.00 IRAUSD
  Expenses:Taxes:Y2023:US:Federal:PreTax401k      1200.00 IRAUSD
  Assets:US:Hoogle:Vacation                             5 VACHR
  Income:US:Hoogle:Vacation                            -5 VACHR

2023-03-16 * "Hoogle" "Payroll"
  Assets:US:BofA:Checking                         1350.60 USD
  Assets:US:Vanguard:Cash                         1200.00 USD
  Income:US:Hoogle:Salary                        -4615.38 USD
  Income:US:Hoogle:GroupTermLife                   -24.32 USD
  Expenses:Health:Life:GroupTermLife                24.32 USD
  Expenses:Health:Dental:Insurance                   2.90 USD
  Expenses:Health:Medical:Insurance                 27.38 USD
  Expenses:Health:Vision:Insurance                  42.30 USD
  Expenses:Taxes:Y2023:US:Medicare                 106.62 USD
  Expenses:Taxes:Y2023:US:Federal                 1062.92 USD
  Expenses:Taxes:Y2023:US:State                    365.08 USD
  Expenses:Taxes:Y2023:US:CityNYC                  174.92 USD
  Expenses:Taxes:Y2023:US:SDI                        1.12 USD
  Expenses:Taxes:Y2023:US:SocSec                   281.54 USD
  Assets:US:Federal:PreTax401k                   -1200.00 IRAUSD
  Expenses:Taxes:Y2023:US:Federal:PreTax401k      1200.00 IRAUSD
  Assets:US:Hoogle:Vacation                             5 VACHR
  Income:US:Hoogle:Vacation                            -5 VACHR

2023-03-30 * "Hoogle" "Payroll"
  Assets:US:BofA:Checking                         1350.60 USD
  Assets:US:Vanguard:Cash                         1200.00 USD
  Income:US:Hoogle:Salary                        -4615.38 USD
  Income:US:Hoogle:GroupTermLife                   -24.32 USD
  Expenses:Health:Life:GroupTermLife                24.32 USD
  Expenses:Health:Dental:Insurance                   2.90 USD
  Expenses:Health:Medical:Insurance                 27.38 USD
  Expenses:Health:Vision:Insurance                  42.30 USD
  Expenses:Taxes:Y2023:US:Medicare                 106.62 USD
  Expenses:Taxes:Y2023:US:Federal                 1062.92 USD
  Expenses:Taxes:Y2023:US:State                    365.08 USD
  Expenses:Taxes:Y2023:US:CityNYC                  174.92 USD
  Expenses:Taxes:Y2023:US:SDI                        1.12 USD
  Expenses:Taxes:Y2023:US:SocSec                   281.54 USD
  Assets:US:Federal:PreTax401k                   -1200.00 IRAUSD
  Expenses:Taxes:Y2023:US:Federal:PreTax401k      1200.00 IRAUSD
  Assets:US:Hoogle:Vacation                             5 VACHR
  Income:US:Hoogle:Vacation                            -5 VACHR

2023-04-13 * "Hoogle" "Payroll"
  Assets:US:BofA:Checking                         1350.60 USD
  Assets:US:Vanguard:Cash                         1200.00 USD
  Income:US:Hoogle:Salary                        -4615.38 USD
  Income:US:Hoogle:GroupTermLife                   -24.32 USD
  Expenses:Health:Life:GroupTermLife                24.32 USD
  Expenses:Health:Dental:Insurance                   2.90 USD
  Expenses:Health:Medical:Insurance                 27.38 USD
  Expenses:Health:Vision:Insurance                  42.30 USD
  Expenses:Taxes:Y2023:US:Medicare                 106.62 USD
  Expenses:Taxes:Y2023:US:Federal                 1062.92 USD
  Expenses:Taxes:Y2023:US:State                    365.08 USD
  Expenses:Taxes:Y2023:US:CityNYC                  174.92 USD
  Expenses:Taxes:Y2023:US:SDI                        1.12 USD
  Expenses:Taxes:Y2023:US:SocSec                   281.54 USD
  Assets:US:Federal:PreTax401k                   -1200.00 IRAUSD
  Expenses:Taxes:Y2023:US:Federal:PreTax401k      1200.00 IRAUSD
  Assets:US:Hoogle:Vacation                             5 VACHR
  Income:US:Hoogle:Vacation                            -5 VACHR

2023-04-27 * "Hoogle" "Payroll"
  Assets:US:BofA:Checking                         1350.60 USD
  Assets:US:Vanguard:Cash                         1200.00 USD
  Income:US:Hoogle:Salary                        -4615.38 USD
  Income:US:Hoogle:GroupTermLife                   -24.32 USD
  Expenses:Health:Life:GroupTermLife                24.32 USD
  Expenses:Health:Dental:Insurance                   2.90 USD
  Expenses:Health:Medical:Insurance                 27.38 USD
  Expenses:Health:Vision:Insurance                  42.30 USD
  Expenses:Taxes:Y2023:US:Medicare                 106.62 USD
  Expenses:Taxes:Y2023:US:Federal                 1062.92 USD
  Expenses:Taxes:Y2023:US:State                    365.08 USD
  Expenses:Taxes:Y2023:US:CityNYC                  174.92 USD
  Expenses:Taxes:Y2023:US:SDI                        1.12 USD
  Expenses:Taxes:Y2023:US:SocSec                   281.54 USD
  Assets:US:Federal:PreTax401k                   -1200.00 IRAUSD
  Expenses:Taxes:Y2023:US:Federal:PreTax401k      1200.00 IRAUSD
  Assets:US:Hoogle:Vacation                             5 VACHR
  Income:US:Hoogle:Vacation                            -5 VACHR

2023-05-11 * "Hoogle" "Payroll"
  Assets:US:BofA:Checking                         1350.60 USD
  Assets:US:Vanguard:Cash                         1200.00 USD
  Income:US:Hoogle:Salary                        -4615.38 USD
  Income:US:Hoogle:GroupTermLife                   -24.32 USD
  Expenses:Health:Life:GroupTermLife                24.32 USD
  Expenses:Health:Dental:Insurance                   2.90 USD
  Expenses:Health:Medical:Insurance                 27.38 USD
  Expenses:Health:Vision:Insurance                  42.30 USD
  Expenses:Taxes:Y2023:US:Medicare                 106.62 USD
  Expenses:Taxes:Y2023:US:Federal                 1062.92 USD
  Expenses:Taxes:Y2023:US:State                    365.08 USD
  Expenses:Taxes:Y2023:US:CityNYC                  174.92 USD
  Expenses:Taxes:Y2023:US:SDI                        1.12 USD
  Expenses:Taxes:Y2023:US:SocSec                   281.54 USD
  Assets:US:Federal:PreTax401k                   -1200.00 IRAUSD
  Expenses:Taxes:Y2023:US:Federal:PreTax401k      1200.00 IRAUSD
  Assets:US:Hoogle:Vacation                             5 VACHR
  Income:US:Hoogle:Vacation                            -5 VACHR

2023-05-25 * "Hoogle" "Payroll"
  Assets:US:BofA:Checking                         1350.60 USD
  Assets:US:Vanguard:Cash                         1200.00 USD
  Income:US:Hoogle:Salary                        -4615.38 USD
  Income:US:Hoogle:GroupTermLife                   -24.32 USD
  Expenses:Health:Life:GroupTermLife                24.32 USD
  Expenses:Health:Dental:Insurance                   2.90 USD
  Expenses:Health:Medical:Insurance                 27.38 USD
  Expenses:Health:Vision:Insurance                  42.30 USD
  Expenses:Taxes:Y2023:US:Medicare                 106.62 USD
  Expenses:Taxes:Y2023:US:Federal                 1062.92 USD
  Expenses:Taxes:Y2023:US:State                    365.08 USD
  Expenses:Taxes:Y2023:US:CityNYC                  174.92 USD
  Expenses:Taxes:Y2023:US:SDI                        1.12 USD
  Expenses:Taxes:Y2023:US:SocSec                   281.54 USD
  Assets:US:Federal:PreTax401k                   -1200.00 IRAUSD
  Expenses:Taxes:Y2023:US:Federal:PreTax401k      1200.00 IRAUSD
  Assets:US:Hoogle:Vacation                             5 VACHR
  Income:US:Hoogle:Vacation                            -5 VACHR

2023-06-08 * "Hoogle" "Payroll"
  Assets:US:BofA:Checking                         1350.60 USD
  Assets:US:Vanguard:Cash                         1200.00 USD
  Income:US:Hoogle:Salary                        -4615.38 USD
  Income:US:Hoogle:GroupTermLife                   -24.32 USD
  Expenses:Health:Life:GroupTermLife                24.32 USD
  Expenses:Health:Dental:Insurance                   2.90 USD
  Expenses:Health:Medical:Insurance                 27.38 USD
  Expenses:Health:Vision:Insurance                  42.30 USD
  Expenses:Taxes:Y2023:US:Medicare                 106.62 USD
  Expenses:Taxes:Y2023:US:Federal                 1062.92 USD
  Expenses:Taxes:Y2023:US:State                    365.08 USD
  Expenses:Taxes:Y2023:US:CityNYC                  174.92 USD
  Expenses:Taxes:Y2023:US:SDI                        1.12 USD
  Expenses:Taxes:Y2023:US:SocSec                   281.54 USD
  Assets:US:Federal:PreTax401k                   -1200.00 IRAUSD
  Expenses:Taxes:Y2023:US:Federal:PreTax401k      1200.00 IRAUSD
  Assets:US:Hoogle:Vacation                             5 VACHR
  Income:US:Hoogle:Vacation                            -5 VACHR

2023-06-22 * "Hoogle" "Payroll"
  Assets:US:BofA:Checking                         1350.60 USD
  Assets:US:Vanguard:Cash                         1200.00 USD
  Income:US:Hoogle:Salary                        -4615.38 USD
  Income:US:Hoogle:GroupTermLife                   -24.32 USD
  Expenses:Health:Life:GroupTermLife                24.32 USD
  Expenses:Health:Dental:Insurance                   2.90 USD
  Expenses:Health:Medical:Insurance                 27.38 USD
  Expenses:Health:Vision:Insurance                  42.30 USD
  Expenses:Taxes:Y2023:US:Medicare                 106.62 USD
  Expenses:Taxes:Y2023:US:Federal                 1062.92 USD
  Expenses:Taxes:Y2023:US:State                    365.08 USD
  Expenses:Taxes:Y2023:US:CityNYC                  174.92 USD
  Expenses:Taxes:Y2023:US:SDI                        1.12 USD
  Expenses:Taxes:Y2023:US:SocSec                   281.54 USD
  Assets:US:Federal:PreTax401k                   -1200.00 IRAUSD
  Expenses:Taxes:Y2023:US:Federal:PreTax401k      1200.00 IRAUSD
  Assets:US:Hoogle:Vacation                             5 VACHR
  Income:US:Hoogle:Vacation                            -5 VACHR

2023-07-06 * "Hoogle" "Payroll"
  Assets:US:BofA:Checking                         1350.60 USD
  Assets:US:Vanguard:Cash                         1200.00 USD
  Income:US:Hoogle:Salary                        -4615.38 USD
  Income:US:Hoogle:GroupTermLife                   -24.32 USD
  Expenses:Health:Life:GroupTermLife                24.32 USD
  Expenses:Health:Dental:Insurance                   2.90 USD
  Expenses:Health:Medical:Insurance                 27.38 USD
  Expenses:Health:Vision:Insurance                  42.30 USD
  Expenses:Taxes:Y2023:US:Medicare                 106.62 USD
  Expenses:Taxes:Y2023:US:Federal                 1062.92 USD
  Expenses:Taxes:Y2023:US:State                    365.08 USD
  Expenses:Taxes:Y2023:US:CityNYC                  174.92 USD
  Expenses:Taxes:Y2023:US:SDI                        1.12 USD
  Expenses:Taxes:Y2023:US:SocSec                   281.54 USD
  Assets:US:Federal:PreTax401k                   -1200.00 IRAUSD
  Expenses:Taxes:Y2023:US:Federal:PreTax401k      1200.00 IRAUSD
  Assets:US:Hoogle:Vacation                             5 VACHR
  Income:US:Hoogle:Vacation                            -5 VACHR

2023-07-20 * "Hoogle" "Payroll"
  Assets:US:BofA:Checking                         1350.60 USD
  Assets:US:Vanguard:Cash                         1200.00 USD
  Income:US:Hoogle:Salary                        -4615.38 USD
  Income:US:Hoogle:GroupTermLife                   -24.32 USD
  Expenses:Health:Life:GroupTermLife                24.32 USD
  Expenses:Health:Dental:Insurance                   2.90 USD
  Expenses:Health:Medical:Insurance                 27.38 USD
  Expenses:Health:Vision:Insurance                  42.30 USD
  Expenses:Taxes:Y2023:US:Medicare                 106.62 USD
  Expenses:Taxes:Y2023:US:Federal                 1062.92 USD
  Expenses:Taxes:Y2023:US:State                    365.08 USD
  Expenses:Taxes:Y2023:US:CityNYC                  174.92 USD
  Expenses:Taxes:Y2023:US:SDI                        1.12 USD
  Expenses:Taxes:Y2023:US:SocSec                   281.54 USD
  Assets:US:Federal:PreTax401k                   -1200.00 IRAUSD
  Expenses:Taxes:Y2023:US:Federal:PreTax401k      1200.00 IRAUSD
  Assets:US:Hoogle:Vacation                             5 VACHR
  Income:US:Hoogle:Vacation                            -5 VACHR



* Taxes

1980-05-12 open Income:US:Federal:PreTax401k                    IRAUSD
1980-05-12 open Assets:US:Federal:PreTax401k                    IRAUSD



** Tax Year 2021

2021-01-01 open Expenses:Taxes:Y2021:US:Federal:PreTax401k      IRAUSD
2021-01-01 open Expenses:Taxes:Y2021:US:Medicare                USD
2021-01-01 open Expenses:Taxes:Y2021:US:Federal                 USD
2021-01-01 open Expenses:Taxes:Y2021:US:CityNYC                 USD
2021-01-01 open Expenses:Taxes:Y2021:US:SDI                     USD
2021-01-01 open Expenses:Taxes:Y2021:US:State                   USD
2021-01-01 open Expenses:Taxes:Y2021:US:SocSec                  USD

2021-01-01 balance Assets:US:Federal:PreTax401k         0 IRAUSD

2021-01-01 * "Allowed contributions for one year"
  Income:US:Federal:PreTax401k                     -18500 IRAUSD
  Assets:US:Federal:PreTax401k                      18500 IRAUSD

2022-03-20 * "Filing taxes for 2021"
  Expenses:Taxes:Y2021:US:Federal                  651.39 USD
  Expenses:Taxes:Y2021:US:State                    255.65 USD
  Liabilities:AccountsPayable                     -907.04 USD

2022-03-20 * "STATE TAX & FINANC PYMT"
  Assets:US:BofA:Checking                         -255.65 USD
  Liabilities:AccountsPayable                      255.65 USD

2022-03-24 * "FEDERAL TAXPYMT"
  Assets:US:BofA:Checking                         -651.39 USD
  Liabilities:AccountsPayable                      651.39 USD



** Tax Year 2022

2022-01-01 open Expenses:Taxes:Y2022:US:Federal:PreTax401k      IRAUSD
2022-01-01 open Expenses:Taxes:Y2022:US:Medicare                USD
2022-01-01 open Expenses:Taxes:Y2022:US:Federal                 USD
2022-01-01 open Expenses:Taxes:Y2022:US:CityNYC                 USD
2022-01-01 open Expenses:Taxes:Y2022:US:SDI                     USD
2022-01-01 open Expenses:Taxes:Y2022:US:State                   USD
2022-01-01 open Expenses:Taxes:Y2022:US:SocSec                  USD

2022-01-01 balance Assets:US:Federal:PreTax401k         0 IRAUSD

2022-01-01 * "Allowed contributions for one year"
  Income:US:Federal:PreTax401k                     -18500 IRAUSD
  Assets:US:Federal:PreTax401k                      18500 IRAUSD

2023-03-23 * "Filing taxes for 2022"
  Expenses:Taxes:Y2022:US:Federal                  272.58 USD
  Expenses:Taxes:Y2022:US:State                    425.89 USD
  Liabilities:AccountsPayable                     -698.47 USD

2023-03-24 * "STATE TAX & FINANC PYMT"
  Assets:US:BofA:Checking                         -425.89 USD
  Liabilities:AccountsPayable                      425.89 USD

2023-03-27 * "FEDERAL TAXPYMT"
  Assets:US:BofA:Checking                         -272.58 USD
  Liabilities:AccountsPayable                      272.58 USD



** Tax Year 2023

2023-01-01 open Expenses:Taxes:Y2023:US:Federal:PreTax401k      IRAUSD
2023-01-01 open Expenses:Taxes:Y2023:US:Medicare                USD
2023-01-01 open Expenses:Taxes:Y2023:US:Federal                 USD
2023-01-01 open Expenses:Taxes:Y2023:US:CityNYC                 USD
2023-01-01 open Expenses:Taxes:Y2023:US:SDI                     USD
2023-01-01 open Expenses:Taxes:Y2023:US:State                   USD
2023-01-01 open Expenses:Taxes:Y2023:US:SocSec                  USD

2023-01-01 balance Assets:US:Federal:PreTax401k         0 IRAUSD

2023-01-01 * "Allowed contributions for one year"
  Income:US:Federal:PreTax401k                     -18500 IRAUSD
  Assets:US:Federal:PreTax401k                      18500 IRAUSD



* Expenses

1980-05-12 open Expenses:Food:Groceries
1980-05-12 open Expenses:Food:Restaurant
1980-05-12 open Expenses:Food:Coffee
1980-05-12 open Expenses:Food:Alcohol
1980-05-12 open Expenses:Transport:Tram
1980-05-12 open Expenses:Home:Rent
1980-05-12 open Expenses:Home:Electricity
1980-05-12 open Expenses:Home:Internet
1980-05-12 open Expenses:Home:Phone
1980-05-12 open Expenses:Financial:Fees
1980-05-12 open Expenses:Financial:Commissions



* Prices

2021-01-01 price VBMPX                             170.30 USD
2021-01-01 price RGAGX                              80.62 USD
2021-01-01 price ITOT                               85.04 USD
2021-01-01 price VEA                                62.05 USD
2021-01-01 price VHT                                70.00 USD
2021-01-01 price GLD                               168.01 USD
2021-01-08 price VBMPX                             171.06 USD
2021-01-08 price RGAGX                              80.92 USD
2021-01-08 price ITOT                               84.95 USD
2021-01-08 price VEA                                62.71 USD
2021-01-08 price VHT                                72.17 USD
2021-01-08 price GLD                               169.42 USD
2021-01-15 price VBMPX                             169.97 USD
2021-01-15 price RGAGX                              82.04 USD
2021-01-15 price ITOT                               85.12 USD
2021-01-15 price VEA                                62.50 USD
2021-01-15 price VHT                                71.12 USD
2021-01-15 price GLD                               170.54 USD
2021-01-22 price VBMPX                             170.89 USD
2021-01-22 price RGAGX                              82.18 USD
2021-01-22 price ITOT                               83.77 USD
2021-01-22 price VEA                                61.78 USD
2021-01-22 price VHT                                72.36 USD
2021-01-22 price GLD                               173.63 USD
2021-01-29 price VBMPX                             171.15 USD
2021-01-29 price RGAGX                              82.19 USD
2021-01-29 price ITOT                               84.89 USD
2021-01-29 price VEA                                62.61 USD
2021-01-29 price VHT                                73.14 USD
2021-01-29 price GLD                               174.42 USD
2021-02-05 price VBMPX                             169.36 USD
2021-02-05 price RGAGX                              81.55 USD
2021-02-05 price ITOT                               84.27 USD
2021-02-05 price VEA                                62.48 USD
2021-02-05 price VHT                                72.83 USD
2021-02-05 price GLD                               174.62 USD
2021-02-12 price VBMPX                             169.81 USD
2021-02-12 price RGAGX                              80.69 USD
2021-02-12 price ITOT                               84.06 USD
2021-02-12 price VEA                                62.90 USD
2021-02-12 price VHT                                71.76 USD
2021-02-12 price GLD                               177.07 USD
2021-02-19 price VBMPX                             170.61 USD
2021-02-19 price RGAGX                              79.38 USD
2021-02-19 price ITOT                               83.47 USD
2021-02-19 price VEA                                62.20 USD
2021-02-19 price VHT                                72.78 USD
2021-02-19 price GLD                               178.86 USD
2021-02-26 price VBMPX                             170.82 USD
2021-02-26 price RGAGX                              81.21 USD
2021-02-26 price ITOT                               85.96 USD
2021-02-26 price VEA                                62.65 USD
2021-02-26 price VHT                                71.42 USD
2021-02-26 price GLD                               174.68 USD
2021-03-05 price VBMPX                             170.94 USD
2021-03-05 price RGAGX                              81.44 USD
2021-03-05 price ITOT                               84.73 USD
2021-03-05 price VEA                                62.62 USD
2021-03-05 price VHT                                71.18 USD
2021-03-05 price GLD                               177.01 USD
2021-03-12 price VBMPX                             170.98 USD
2021-03-12 price RGAGX                              83.01 USD
2021-03-12 price ITOT                               82.77 USD
2021-03-12 price VEA                                63.08 USD
2021-03-12 price VHT                                70.97 USD
2021-03-12 price GLD                               178.66 USD
2021-03-19 price VBMPX                             170.29 USD
2021-03-19 price RGAGX                              83.59 USD
2021-03-19 price ITOT                               81.81 USD
2021-03-19 price VEA                                61.94 USD
2021-03-19 price VHT                                70.11 USD
2021-03-19 price GLD                               179.11 USD
2021-03-26 price VBMPX                             170.72 USD
2021-03-26 price RGAGX                              84.00 USD
2021-03-26 price ITOT                               80.82 USD
2021-03-26 price VEA                                61.88 USD
2021-03-26 price VHT                                66.87 USD
2021-03-26 price GLD                               178.42 USD
2021-04-02 price VBMPX                             172.09 USD
2021-04-02 price RGAGX                              85.17 USD
2021-04-02 price ITOT                               79.58 USD
2021-04-02 price VEA                                61.90 USD
2021-04-02 price VHT                                67.42 USD
2021-04-02 price GLD                               175.58 USD
2021-04-09 price VBMPX                             172.45 USD
2021-04-09 price RGAGX                              85.63 USD
2021-04-09 price ITOT                               79.97 USD
2021-04-09 price VEA                                62.07 USD
2021-04-09 price VHT                                67.74 USD
2021-04-09 price GLD                               172.85 USD
2021-04-16 price VBMPX                             172.80 USD
2021-04-16 price RGAGX                              85.32 USD
2021-04-16 price ITOT                               79.82 USD
2021-04-16 price VEA                                61.78 USD
2021-04-16 price VHT                                67.60 USD
2021-04-16 price GLD                               171.89 USD
2021-04-23 price VBMPX                             174.76 USD
2021-04-23 price RGAGX                              87.04 USD
2021-04-23 price ITOT                               79.63 USD
2021-04-23 price VEA                                62.76 USD
2021-04-23 price VHT                                64.48 USD
2021-04-23 price GLD                               173.40 USD
2021-04-30 price VBMPX                             175.35 USD
2021-04-30 price RGAGX                              88.27 USD
2021-04-30 price ITOT                               80.52 USD
2021-04-30 price VEA                                63.51 USD
2021-04-30 price VHT                                65.11 USD
2021-04-30 price GLD                               170.53 USD
2021-05-07 price VBMPX                             175.74 USD
2021-05-07 price RGAGX                              89.40 USD
2021-05-07 price ITOT                               81.16 USD
2021-05-07 price VEA                                64.11 USD
2021-05-07 price VHT                                66.65 USD
2021-05-07 price GLD                               175.16 USD
2021-05-14 price VBMPX                             175.53 USD
2021-05-14 price RGAGX                              88.87 USD
2021-05-14 price ITOT                               79.34 USD
2021-05-14 price VEA                                64.93 USD
2021-05-14 price VHT                                65.38 USD
2021-05-14 price GLD                               174.10 USD
2021-05-21 price VBMPX                             175.47 USD
2021-05-21 price RGAGX                              90.37 USD
2021-05-21 price ITOT                               78.58 USD
2021-05-21 price VEA                                65.52 USD
2021-05-21 price VHT                                67.52 USD
2021-05-21 price GLD                               171.50 USD
2021-05-28 price VBMPX                             174.35 USD
2021-05-28 price RGAGX                              90.67 USD
2021-05-28 price ITOT                               79.01 USD
2021-05-28 price VEA                                65.69 USD
2021-05-28 price VHT                                68.39 USD
2021-05-28 price GLD                               174.04 USD
2021-06-04 price VBMPX                             174.64 USD
2021-06-04 price RGAGX                              89.39 USD
2021-06-04 price ITOT                               77.00 USD
2021-06-04 price VEA                                66.01 USD
2021-06-04 price VHT                                69.70 USD
2021-06-04 price GLD                               169.56 USD
2021-06-11 price VBMPX                             176.12 USD
2021-06-11 price RGAGX                              90.72 USD
2021-06-11 price ITOT                               78.10 USD
2021-06-11 price VEA                                66.48 USD
2021-06-11 price VHT                                69.77 USD
2021-06-11 price GLD                               168.66 USD
2021-06-18 price VBMPX                             176.20 USD
2021-06-18 price RGAGX                              91.19 USD
2021-06-18 price ITOT                               76.95 USD
2021-06-18 price VEA                                66.16 USD
2021-06-18 price VHT                                67.76 USD
2021-06-18 price GLD                               166.33 USD
2021-06-25 price VBMPX                             177.28 USD
2021-06-25 price RGAGX                              91.05 USD
2021-06-25 price ITOT                               77.03 USD
2021-06-25 price VEA                                65.71 USD
2021-06-25 price VHT                                68.29 USD
2021-06-25 price GLD                               165.16 USD
2021-07-02 price VBMPX                             178.97 USD
2021-07-02 price RGAGX                              90.43 USD
2021-07-02 price ITOT                               77.84 USD
2021-07-02 price VEA                                65.19 USD
2021-07-02 price VHT                                66.90 USD
2021-07-02 price GLD                               167.01 USD
2021-07-09 price VBMPX                             179.39 USD
2021-07-09 price RGAGX                              90.30 USD
2021-07-09 price ITOT                               78.50 USD
2021-07-09 price VEA                                65.34 USD
2021-07-09 price VHT                                67.25 USD
2021-07-09 price GLD                               171.44 USD
2021-07-16 price VBMPX                             179.48 USD
2021-07-16 price RGAGX                              90.79 USD
2021-07-16 price ITOT                               83.13 USD
2021-07-16 price VEA                                65.91 USD
2021-07-16 price VHT                                68.96 USD
2021-07-16 price GLD                               173.72 USD
2021-07-23 price VBMPX                             179.17 USD
2021-07-23 price RGAGX                              91.44 USD
2021-07-23 price ITOT                               83.06 USD
2021-07-23 price VEA                                65.65 USD
2021-07-23 price VHT                                65.67 USD
2021-07-23 price GLD                               172.87 USD
2021-07-30 price VBMPX                             178.63 USD
2021-07-30 price RGAGX                              91.81 USD
2021-07-30 price ITOT                               82.55 USD
2021-07-30 price VEA                                65.95 USD
2021-07-30 price VHT                                64.95 USD
2021-07-30 price GLD                               176.15 USD
2021-08-06 price VBMPX                             180.10 USD
2021-08-06 price RGAGX                              92.10 USD
2021-08-06 price ITOT                               85.12 USD
2021-08-06 price VEA                                66.77 USD
2021-08-06 price VHT                                68.26 USD
2021-08-06 price GLD                               174.54 USD
2021-08-13 price VBMPX                             179.11 USD
2021-08-13 price RGAGX                              92.82 USD
2021-08-13 price ITOT                               84.78 USD
2021-08-13 price VEA                                66.89 USD
2021-08-13 price VHT                                69.02 USD
2021-08-13 price GLD                               178.44 USD
2021-08-20 price VBMPX                             179.73 USD
2021-08-20 price RGAGX                              93.30 USD
2021-08-20 price ITOT                               85.40 USD
2021-08-20 price VEA                                67.24 USD
2021-08-20 price VHT                                70.43 USD
2021-08-20 price GLD                               181.14 USD
2021-08-27 price VBMPX                             181.04 USD
2021-08-27 price RGAGX                              94.03 USD
2021-08-27 price ITOT                               85.60 USD
2021-08-27 price VEA                                66.92 USD
2021-08-27 price VHT                                71.79 USD
2021-08-27 price GLD                               180.91 USD
2021-09-03 price VBMPX                             180.31 USD
2021-09-03 price RGAGX                              95.90 USD
2021-09-03 price ITOT                               86.71 USD
2021-09-03 price VEA                                66.65 USD
2021-09-03 price VHT                                70.18 USD
2021-09-03 price GLD                               183.45 USD
2021-09-10 price VBMPX                             180.60 USD
2021-09-10 price RGAGX                              96.04 USD
2021-09-10 price ITOT                               85.99 USD
2021-09-10 price VEA                                67.46 USD
2021-09-10 price VHT                                72.62 USD
2021-09-10 price GLD                               183.12 USD
2021-09-17 price VBMPX                             180.96 USD
2021-09-17 price RGAGX                              97.07 USD
2021-09-17 price ITOT                               85.66 USD
2021-09-17 price VEA                                66.77 USD
2021-09-17 price VHT                                75.61 USD
2021-09-17 price GLD                               181.60 USD
2021-09-24 price VBMPX                             180.53 USD
2021-09-24 price RGAGX                              98.65 USD
2021-09-24 price ITOT                               84.29 USD
2021-09-24 price VEA                                66.62 USD
2021-09-24 price VHT                                75.75 USD
2021-09-24 price GLD                               181.18 USD
2021-10-01 price VBMPX                             180.05 USD
2021-10-01 price RGAGX                              99.46 USD
2021-10-01 price ITOT                               83.84 USD
2021-10-01 price VEA                                67.71 USD
2021-10-01 price VHT                                76.72 USD
2021-10-01 price GLD                               184.58 USD
2021-10-08 price VBMPX                             179.76 USD
2021-10-08 price RGAGX                             100.00 USD
2021-10-08 price ITOT                               84.88 USD
2021-10-08 price VEA                                67.20 USD
2021-10-08 price VHT                                77.77 USD
2021-10-08 price GLD                               187.77 USD
2021-10-15 price VBMPX                             180.25 USD
2021-10-15 price RGAGX                             101.68 USD
2021-10-15 price ITOT                               87.93 USD
2021-10-15 price VEA                                67.33 USD
2021-10-15 price VHT                                79.65 USD
2021-10-15 price GLD                               189.01 USD
2021-10-22 price VBMPX                             178.44 USD
2021-10-22 price RGAGX                             103.78 USD
2021-10-22 price ITOT                               88.78 USD
2021-10-22 price VEA                                67.84 USD
2021-10-22 price VHT                                76.44 USD
2021-10-22 price GLD                               191.82 USD
2021-10-29 price VBMPX                             178.17 USD
2021-10-29 price RGAGX                             103.02 USD
2021-10-29 price ITOT                               90.26 USD
2021-10-29 price VEA                                68.72 USD
2021-10-29 price VHT                                76.41 USD
2021-10-29 price GLD                               192.91 USD
2021-11-05 price VBMPX                             178.19 USD
2021-11-05 price RGAGX                             103.33 USD
2021-11-05 price ITOT                               91.65 USD
2021-11-05 price VEA                                69.15 USD
2021-11-05 price VHT                                76.28 USD
2021-11-05 price GLD                               193.01 USD
2021-11-12 price VBMPX                             179.56 USD
2021-11-12 price RGAGX                             103.64 USD
2021-11-12 price ITOT                               92.79 USD
2021-11-12 price VEA                                69.87 USD
2021-11-12 price VHT                                75.72 USD
2021-11-12 price GLD                               193.36 USD
2021-11-19 price VBMPX                             176.83 USD
2021-11-19 price RGAGX                             105.06 USD
2021-11-19 price ITOT                               90.84 USD
2021-11-19 price VEA                                69.42 USD
2021-11-19 price VHT                                74.56 USD
2021-11-19 price GLD                               194.57 USD
2021-11-26 price VBMPX                             176.38 USD
2021-11-26 price RGAGX                             105.04 USD
2021-11-26 price ITOT                               92.11 USD
2021-11-26 price VEA                                69.76 USD
2021-11-26 price VHT                                73.38 USD
2021-11-26 price GLD                               191.64 USD
2021-12-03 price VBMPX                             175.47 USD
2021-12-03 price RGAGX                             105.77 USD
2021-12-03 price ITOT                               92.43 USD
2021-12-03 price VEA                                70.20 USD
2021-12-03 price VHT                                73.88 USD
2021-12-03 price GLD                               192.31 USD
2021-12-10 price VBMPX                             177.48 USD
2021-12-10 price RGAGX                             107.28 USD
2021-12-10 price ITOT                               93.73 USD
2021-12-10 price VEA                                69.94 USD
2021-12-10 price VHT                                75.62 USD
2021-12-10 price GLD                               190.32 USD
2021-12-17 price VBMPX                             177.31 USD
2021-12-17 price RGAGX                             107.16 USD
2021-12-17 price ITOT                               93.66 USD
2021-12-17 price VEA                                70.11 USD
2021-12-17 price VHT                                75.90 USD
2021-12-17 price GLD                               191.97 USD
2021-12-24 price VBMPX                             177.23 USD
2021-12-24 price RGAGX                             107.18 USD
2021-12-24 price ITOT                               90.10 USD
2021-12-24 price VEA                                70.53 USD
2021-12-24 price VHT                                76.49 USD
2021-12-24 price GLD                               190.19 USD
2021-12-31 price VBMPX                             177.90 USD
2021-12-31 price RGAGX                             107.62 USD
2021-12-31 price ITOT                               89.75 USD
2021-12-31 price VEA                                70.12 USD
2021-12-31 price VHT                                77.70 USD
2021-12-31 price GLD                               190.52 USD
2022-01-07 price VBMPX                             178.03 USD
2022-01-07 price RGAGX                             108.05 USD
2022-01-07 price ITOT                               91.45 USD
2022-01-07 price VEA                                70.22 USD
2022-01-07 price VHT                                79.26 USD
2022-01-07 price GLD                               190.89 USD
2022-01-14 price VBMPX                             178.28 USD
2022-01-14 price RGAGX                             108.32 USD
2022-01-14 price ITOT                               92.46 USD
2022-01-14 price VEA                                70.25 USD
2022-01-14 price VHT                                78.63 USD
2022-01-14 price GLD                               190.50 USD
2022-01-21 price VBMPX                             179.05 USD
2022-01-21 price RGAGX                             107.00 USD
2022-01-21 price ITOT                               92.26 USD
2022-01-21 price VEA                                70.69 USD
2022-01-21 price VHT                                78.17 USD
2022-01-21 price GLD                               188.98 USD
2022-01-28 price VBMPX                             177.77 USD
2022-01-28 price RGAGX                             107.26 USD
2022-01-28 price ITOT                               91.44 USD
2022-01-28 price VEA                                71.23 USD
2022-01-28 price VHT                                76.52 USD
2022-01-28 price GLD                               187.46 USD
2022-02-04 price VBMPX                             176.08 USD
2022-02-04 price RGAGX                             106.82 USD
2022-02-04 price ITOT                               93.77 USD
2022-02-04 price VEA                                70.54 USD
2022-02-04 price VHT                                77.95 USD
2022-02-04 price GLD                               185.51 USD
2022-02-11 price VBMPX                             175.69 USD
2022-02-11 price RGAGX                             107.88 USD
2022-02-11 price ITOT                               95.76 USD
2022-02-11 price VEA                                70.85 USD
2022-02-11 price VHT                                79.03 USD
2022-02-11 price GLD                               190.05 USD
2022-02-18 price VBMPX                             177.16 USD
2022-02-18 price RGAGX                             109.73 USD
2022-02-18 price ITOT                               96.59 USD
2022-02-18 price VEA                                70.51 USD
2022-02-18 price VHT                                79.07 USD
2022-02-18 price GLD                               191.15 USD
2022-02-25 price VBMPX                             179.01 USD
2022-02-25 price RGAGX                             109.16 USD
2022-02-25 price ITOT                               98.17 USD
2022-02-25 price VEA                                70.88 USD
2022-02-25 price VHT                                79.22 USD
2022-02-25 price GLD                               187.55 USD
2022-03-04 price VBMPX                             178.50 USD
2022-03-04 price RGAGX                             109.07 USD
2022-03-04 price ITOT                               96.25 USD
2022-03-04 price VEA                                71.24 USD
2022-03-04 price VHT                                76.58 USD
2022-03-04 price GLD                               183.24 USD
2022-03-11 price VBMPX                             180.69 USD
2022-03-11 price RGAGX                             108.57 USD
2022-03-11 price ITOT                               96.35 USD
2022-03-11 price VEA                                71.89 USD
2022-03-11 price VHT                                77.56 USD
2022-03-11 price GLD                               183.26 USD
2022-03-18 price VBMPX                             180.61 USD
2022-03-18 price RGAGX                             107.35 USD
2022-03-18 price ITOT                               96.96 USD
2022-03-18 price VEA                                72.35 USD
2022-03-18 price VHT                                74.20 USD
2022-03-18 price GLD                               185.10 USD
2022-03-25 price VBMPX                             183.68 USD
2022-03-25 price RGAGX                             106.57 USD
2022-03-25 price ITOT                               97.05 USD
2022-03-25 price VEA                                73.14 USD
2022-03-25 price VHT                                71.96 USD
2022-03-25 price GLD                               184.18 USD
2022-04-01 price VBMPX                             185.99 USD
2022-04-01 price RGAGX                             106.02 USD
2022-04-01 price ITOT                               97.79 USD
2022-04-01 price VEA                                73.16 USD
2022-04-01 price VHT                                72.20 USD
2022-04-01 price GLD                               181.20 USD
2022-04-08 price VBMPX                             185.55 USD
2022-04-08 price RGAGX                             106.27 USD
2022-04-08 price ITOT                               97.77 USD
2022-04-08 price VEA                                74.26 USD
2022-04-08 price VHT                                73.05 USD
2022-04-08 price GLD                               182.28 USD
2022-04-15 price VBMPX                             184.72 USD
2022-04-15 price RGAGX                             106.10 USD
2022-04-15 price ITOT                              102.41 USD
2022-04-15 price VEA                                74.77 USD
2022-04-15 price VHT                                73.41 USD
2022-04-15 price GLD                               188.36 USD
2022-04-22 price VBMPX                             184.57 USD
2022-04-22 price RGAGX                             107.22 USD
2022-04-22 price ITOT                              100.70 USD
2022-04-22 price VEA                                75.20 USD
2022-04-22 price VHT                                74.06 USD
2022-04-22 price GLD                               188.42 USD
2022-04-29 price VBMPX                             185.55 USD
2022-04-29 price RGAGX                             106.90 USD
2022-04-29 price ITOT                               99.34 USD
2022-04-29 price VEA                                74.58 USD
2022-04-29 price VHT                                76.10 USD
2022-04-29 price GLD                               189.90 USD
2022-05-06 price VBMPX                             184.30 USD
2022-05-06 price RGAGX                             105.31 USD
2022-05-06 price ITOT                              100.03 USD
2022-05-06 price VEA                                73.92 USD
2022-05-06 price VHT                                76.95 USD
2022-05-06 price GLD                               188.72 USD
2022-05-13 price VBMPX                             183.89 USD
2022-05-13 price RGAGX                             104.82 USD
2022-05-13 price ITOT                              101.92 USD
2022-05-13 price VEA                                74.34 USD
2022-05-13 price VHT                                74.85 USD
2022-05-13 price GLD                               193.05 USD
2022-05-20 price VBMPX                             181.77 USD
2022-05-20 price RGAGX                             105.75 USD
2022-05-20 price ITOT                              101.36 USD
2022-05-20 price VEA                                73.89 USD
2022-05-20 price VHT                                74.53 USD
2022-05-20 price GLD                               189.14 USD
2022-05-27 price VBMPX                             184.49 USD
2022-05-27 price RGAGX                             108.34 USD
2022-05-27 price ITOT                              100.91 USD
2022-05-27 price VEA                                73.73 USD
2022-05-27 price VHT                                75.54 USD
2022-05-27 price GLD                               192.00 USD
2022-06-03 price VBMPX                             185.26 USD
2022-06-03 price RGAGX                             107.51 USD
2022-06-03 price ITOT                              103.53 USD
2022-06-03 price VEA                                72.78 USD
2022-06-03 price VHT                                75.78 USD
2022-06-03 price GLD                               192.13 USD
2022-06-10 price VBMPX                             185.49 USD
2022-06-10 price RGAGX                             107.42 USD
2022-06-10 price ITOT                              103.39 USD
2022-06-10 price VEA                                72.39 USD
2022-06-10 price VHT                                78.22 USD
2022-06-10 price GLD                               190.59 USD
2022-06-17 price VBMPX                             185.88 USD
2022-06-17 price RGAGX                             107.89 USD
2022-06-17 price ITOT                              103.26 USD
2022-06-17 price VEA                                72.63 USD
2022-06-17 price VHT                                78.26 USD
2022-06-17 price GLD                               186.06 USD
2022-06-24 price VBMPX                             184.79 USD
2022-06-24 price RGAGX                             106.75 USD
2022-06-24 price ITOT                              103.71 USD
2022-06-24 price VEA                                72.59 USD
2022-06-24 price VHT                                79.45 USD
2022-06-24 price GLD                               185.47 USD
2022-07-01 price VBMPX                             183.52 USD
2022-07-01 price RGAGX                             106.33 USD
2022-07-01 price ITOT                              108.22 USD
2022-07-01 price VEA                                72.52 USD
2022-07-01 price VHT                                78.32 USD
2022-07-01 price GLD                               184.00 USD
2022-07-08 price VBMPX                             184.59 USD
2022-07-08 price RGAGX                             106.21 USD
2022-07-08 price ITOT                              112.51 USD
2022-07-08 price VEA                                74.05 USD
2022-07-08 price VHT                                78.43 USD
2022-07-08 price GLD                               184.39 USD
2022-07-15 price VBMPX                             186.47 USD
2022-07-15 price RGAGX                             106.77 USD
2022-07-15 price ITOT                              112.78 USD
2022-07-15 price VEA                                74.90 USD
2022-07-15 price VHT                                77.86 USD
2022-07-15 price GLD                               180.92 USD
2022-07-22 price VBMPX                             185.09 USD
2022-07-22 price RGAGX                             105.06 USD
2022-07-22 price ITOT                              111.74 USD
2022-07-22 price VEA                                75.59 USD
2022-07-22 price VHT                                79.01 USD
2022-07-22 price GLD                               183.49 USD
2022-07-29 price VBMPX                             185.79 USD
2022-07-29 price RGAGX                             106.97 USD
2022-07-29 price ITOT                              113.07 USD
2022-07-29 price VEA                                76.36 USD
2022-07-29 price VHT                                77.44 USD
2022-07-29 price GLD                               184.52 USD
2022-08-05 price VBMPX                             184.46 USD
2022-08-05 price RGAGX                             107.83 USD
2022-08-05 price ITOT                              114.21 USD
2022-08-05 price VEA                                76.99 USD
2022-08-05 price VHT                                77.45 USD
2022-08-05 price GLD                               190.44 USD
2022-08-12 price VBMPX                             185.74 USD
2022-08-12 price RGAGX                             108.55 USD
2022-08-12 price ITOT                              113.45 USD
2022-08-12 price VEA                                76.80 USD
2022-08-12 price VHT                                76.59 USD
2022-08-12 price GLD                               184.15 USD
2022-08-19 price VBMPX                             187.75 USD
2022-08-19 price RGAGX                             106.88 USD
2022-08-19 price ITOT                              115.28 USD
2022-08-19 price VEA                                77.12 USD
2022-08-19 price VHT                                73.57 USD
2022-08-19 price GLD                               185.97 USD
2022-08-26 price VBMPX                             188.97 USD
2022-08-26 price RGAGX                             107.73 USD
2022-08-26 price ITOT                              114.23 USD
2022-08-26 price VEA                                77.84 USD
2022-08-26 price VHT                                73.51 USD
2022-08-26 price GLD                               186.15 USD
2022-09-02 price VBMPX                             187.98 USD
2022-09-02 price RGAGX                             108.69 USD
2022-09-02 price ITOT                              116.55 USD
2022-09-02 price VEA                                77.91 USD
2022-09-02 price VHT                                72.38 USD
2022-09-02 price GLD                               185.09 USD
2022-09-09 price VBMPX                             189.24 USD
2022-09-09 price RGAGX                             109.67 USD
2022-09-09 price ITOT                              116.75 USD
2022-09-09 price VEA                                78.18 USD
2022-09-09 price VHT                                72.71 USD
2022-09-09 price GLD                               187.13 USD
2022-09-16 price VBMPX                             190.70 USD
2022-09-16 price RGAGX                             108.86 USD
2022-09-16 price ITOT                              117.63 USD
2022-09-16 price VEA                                78.73 USD
2022-09-16 price VHT                                74.78 USD
2022-09-16 price GLD                               187.60 USD
2022-09-23 price VBMPX                             190.20 USD
2022-09-23 price RGAGX                             109.48 USD
2022-09-23 price ITOT                              116.33 USD
2022-09-23 price VEA                                78.74 USD
2022-09-23 price VHT                                73.39 USD
2022-09-23 price GLD                               187.87 USD
2022-09-30 price VBMPX                             191.07 USD
2022-09-30 price RGAGX                             109.01 USD
2022-09-30 price ITOT                              118.80 USD
2022-09-30 price VEA                                79.31 USD
2022-09-30 price VHT                                73.06 USD
2022-09-30 price GLD                               187.76 USD
2022-10-07 price VBMPX                             189.80 USD
2022-10-07 price RGAGX                             108.48 USD
2022-10-07 price ITOT                              119.18 USD
2022-10-07 price VEA                                81.20 USD
2022-10-07 price VHT                                74.76 USD
2022-10-07 price GLD                               193.55 USD
2022-10-14 price VBMPX                             189.15 USD
2022-10-14 price RGAGX                             107.03 USD
2022-10-14 price ITOT                              120.40 USD
2022-10-14 price VEA                                80.30 USD
2022-10-14 price VHT                                75.39 USD
2022-10-14 price GLD                               198.90 USD
2022-10-21 price VBMPX                             189.30 USD
2022-10-21 price RGAGX                             106.61 USD
2022-10-21 price ITOT                              123.16 USD
2022-10-21 price VEA                                80.36 USD
2022-10-21 price VHT                                73.98 USD
2022-10-21 price GLD                               205.83 USD
2022-10-28 price VBMPX                             188.68 USD
2022-10-28 price RGAGX                             107.39 USD
2022-10-28 price ITOT                              123.26 USD
2022-10-28 price VEA                                80.50 USD
2022-10-28 price VHT                                73.75 USD
2022-10-28 price GLD                               206.67 USD
2022-11-04 price VBMPX                             188.14 USD
2022-11-04 price RGAGX                             106.64 USD
2022-11-04 price ITOT                              125.78 USD
2022-11-04 price VEA                                79.98 USD
2022-11-04 price VHT                                74.95 USD
2022-11-04 price GLD                               207.55 USD
2022-11-11 price VBMPX                             187.47 USD
2022-11-11 price RGAGX                             106.96 USD
2022-11-11 price ITOT                              125.82 USD
2022-11-11 price VEA                                79.73 USD
2022-11-11 price VHT                                72.51 USD
2022-11-11 price GLD                               203.70 USD
2022-11-18 price VBMPX                             188.86 USD
2022-11-18 price RGAGX                             106.85 USD
2022-11-18 price ITOT                              123.73 USD
2022-11-18 price VEA                                79.38 USD
2022-11-18 price VHT                                72.08 USD
2022-11-18 price GLD                               203.84 USD
2022-11-25 price VBMPX                             189.30 USD
2022-11-25 price RGAGX                             107.64 USD
2022-11-25 price ITOT                              123.82 USD
2022-11-25 price VEA                                79.81 USD
2022-11-25 price VHT                                71.85 USD
2022-11-25 price GLD                               201.53 USD
2022-12-02 price VBMPX                             189.96 USD
2022-12-02 price RGAGX                             106.65 USD
2022-12-02 price ITOT                              123.74 USD
2022-12-02 price VEA                                81.01 USD
2022-12-02 price VHT                                71.14 USD
2022-12-02 price GLD                               195.95 USD
2022-12-09 price VBMPX                             190.84 USD
2022-12-09 price RGAGX                             105.61 USD
2022-12-09 price ITOT                              125.12 USD
2022-12-09 price VEA                                80.73 USD
2022-12-09 price VHT                                71.45 USD
2022-12-09 price GLD                               196.18 USD
2022-12-16 price VBMPX                             192.17 USD
2022-12-16 price RGAGX                             107.32 USD
2022-12-16 price ITOT                              126.52 USD
2022-12-16 price VEA                                81.00 USD
2022-12-16 price VHT                                72.73 USD
2022-12-16 price GLD                               195.92 USD
2022-12-23 price VBMPX                             191.98 USD
2022-12-23 price RGAGX                             106.88 USD
2022-12-23 price ITOT                              125.91 USD
2022-12-23 price VEA                                81.14 USD
2022-12-23 price VHT                                75.24 USD
2022-12-23 price GLD                               201.73 USD
2022-12-30 price VBMPX                             193.46 USD
2022-12-30 price RGAGX                             108.34 USD
2022-12-30 price ITOT                              124.74 USD
2022-12-30 price VEA                                81.44 USD
2022-12-30 price VHT                                73.25 USD
2022-12-30 price GLD                               201.84 USD
2023-01-06 price VBMPX                             193.19 USD
2023-01-06 price RGAGX                             108.18 USD
2023-01-06 price ITOT                              125.14 USD
2023-01-06 price VEA                                80.76 USD
2023-01-06 price VHT                                72.76 USD
2023-01-06 price GLD                               204.29 USD
2023-01-13 price VBMPX                             192.31 USD
2023-01-13 price RGAGX                             109.43 USD
2023-01-13 price ITOT                              126.21 USD
2023-01-13 price VEA                                80.99 USD
2023-01-13 price VHT                                72.63 USD
2023-01-13 price GLD                               207.14 USD
2023-01-20 price VBMPX                             192.49 USD
2023-01-20 price RGAGX                             109.32 USD
2023-01-20 price ITOT                              125.45 USD
2023-01-20 price VEA                                81.49 USD
2023-01-20 price VHT                                73.04 USD
2023-01-20 price GLD                               204.57 USD
2023-01-27 price VBMPX                             193.26 USD
2023-01-27 price RGAGX                             110.45 USD
2023-01-27 price ITOT                              127.11 USD
2023-01-27 price VEA                                81.46 USD
2023-01-27 price VHT                                71.96 USD
2023-01-27 price GLD                               208.65 USD
2023-02-03 price VBMPX                             193.19 USD
2023-02-03 price RGAGX                             108.33 USD
2023-02-03 price ITOT                              121.97 USD
2023-02-03 price VEA                                81.09 USD
2023-02-03 price VHT                                71.66 USD
2023-02-03 price GLD                               210.57 USD
2023-02-10 price VBMPX                             193.02 USD
2023-02-10 price RGAGX                             108.85 USD
2023-02-10 price ITOT                              121.46 USD
2023-02-10 price VEA                                81.34 USD
2023-02-10 price VHT                                73.73 USD
2023-02-10 price GLD                               211.30 USD
2023-02-17 price VBMPX                             194.94 USD
2023-02-17 price RGAGX                             109.20 USD
2023-02-17 price ITOT                              123.44 USD
2023-02-17 price VEA                                81.59 USD
2023-02-17 price VHT                                74.39 USD
2023-02-17 price GLD                               214.47 USD
2023-02-24 price VBMPX                             194.69 USD
2023-02-24 price RGAGX                             109.30 USD
2023-02-24 price ITOT                              120.99 USD
2023-02-24 price VEA                                80.55 USD
2023-02-24 price VHT                                72.99 USD
2023-02-24 price GLD                               213.92 USD
2023-03-03 price VBMPX                             197.36 USD
2023-03-03 price RGAGX                             111.27 USD
2023-03-03 price ITOT                              119.43 USD
2023-03-03 price VEA                                81.69 USD
2023-03-03 price VHT                                75.45 USD
2023-03-03 price GLD                               217.49 USD
2023-03-10 price VBMPX                             194.76 USD
2023-03-10 price RGAGX                             110.77 USD
2023-03-10 price ITOT                              120.08 USD
2023-03-10 price VEA                                81.84 USD
2023-03-10 price VHT                                74.03 USD
2023-03-10 price GLD                               217.50 USD
2023-03-17 price VBMPX                             195.95 USD
2023-03-17 price RGAGX                             110.17 USD
2023-03-17 price ITOT                              118.62 USD
2023-03-17 price VEA                                80.99 USD
2023-03-17 price VHT                                73.97 USD
2023-03-17 price GLD                               218.05 USD
2023-03-24 price VBMPX                             195.60 USD
2023-03-24 price RGAGX                             110.21 USD
2023-03-24 price ITOT                              119.64 USD
2023-03-24 price VEA                                81.14 USD
2023-03-24 price VHT                                74.77 USD
2023-03-24 price GLD                               219.26 USD
2023-03-31 price VBMPX                             195.96 USD
2023-03-31 price RGAGX                             109.07 USD
2023-03-31 price ITOT                              118.76 USD
2023-03-31 price VEA                                81.25 USD
2023-03-31 price VHT                                76.81 USD
2023-03-31 price GLD                               216.28 USD
2023-04-07 price VBMPX                             196.21 USD
2023-04-07 price RGAGX                             110.53 USD
2023-04-07 price ITOT                              119.63 USD
2023-04-07 price VEA                                80.46 USD
2023-04-07 price VHT                                78.99 USD
2023-04-07 price GLD                               212.76 USD
2023-04-14 price VBMPX                             197.68 USD
2023-04-14 price RGAGX                             110.10 USD
2023-04-14 price ITOT                              121.32 USD
2023-04-14 price VEA                                81.34 USD
2023-04-14 price VHT                                79.52 USD
2023-04-14 price GLD                               213.12 USD
2023-04-21 price VBMPX                             199.90 USD
2023-04-21 price RGAGX                             111.16 USD
2023-04-21 price ITOT                              119.39 USD
2023-04-21 price VEA                                80.59 USD
2023-04-21 price VHT                                80.40 USD
2023-04-21 price GLD                               215.70 USD
2023-04-28 price VBMPX                             199.15 USD
2023-04-28 price RGAGX                             112.77 USD
2023-04-28 price ITOT                              122.03 USD
2023-04-28 price VEA                                80.10 USD
2023-04-28 price VHT                                81.19 USD
2023-04-28 price GLD                               214.02 USD
2023-05-05 price VBMPX                             199.88 USD
2023-05-05 price RGAGX                             111.83 USD
2023-05-05 price ITOT                              125.20 USD
2023-05-05 price VEA                                80.39 USD
2023-05-05 price VHT                                81.68 USD
2023-05-05 price GLD                               212.67 USD
2023-05-12 price VBMPX                             201.22 USD
2023-05-12 price RGAGX                             113.13 USD
2023-05-12 price ITOT                              127.82 USD
2023-05-12 price VEA                                81.26 USD
2023-05-12 price VHT                                81.87 USD
2023-05-12 price GLD                               212.78 USD
2023-05-19 price VBMPX                             202.15 USD
2023-05-19 price RGAGX                             111.51 USD
2023-05-19 price ITOT                              127.07 USD
2023-05-19 price VEA                                81.12 USD
2023-05-19 price VHT                                82.48 USD
2023-05-19 price GLD                               213.31 USD
2023-05-26 price VBMPX                             204.60 USD
2023-05-26 price RGAGX                             112.59 USD
2023-05-26 price ITOT                              128.18 USD
2023-05-26 price VEA                                80.63 USD
2023-05-26 price VHT                                78.98 USD
2023-05-26 price GLD                               220.03 USD
2023-06-02 price VBMPX                             202.97 USD
2023-06-02 price RGAGX                             114.52 USD
2023-06-02 price ITOT                              127.85 USD
2023-06-02 price VEA                                81.26 USD
2023-06-02 price VHT                                80.18 USD
2023-06-02 price GLD                               218.89 USD
2023-06-09 price VBMPX                             205.19 USD
2023-06-09 price RGAGX                             114.58 USD
2023-06-09 price ITOT                              129.48 USD
2023-06-09 price VEA                                81.96 USD
2023-06-09 price VHT                                79.14 USD
2023-06-09 price GLD                               220.58 USD
2023-06-16 price VBMPX                             207.47 USD
2023-06-16 price RGAGX                             114.23 USD
2023-06-16 price ITOT                              129.40 USD
2023-06-16 price VEA                                81.93 USD
2023-06-16 price VHT                                80.84 USD
2023-06-16 price GLD                               223.62 USD
2023-06-23 price VBMPX                             207.23 USD
2023-06-23 price RGAGX                             113.18 USD
2023-06-23 price ITOT                              132.16 USD
2023-06-23 price VEA                                80.98 USD
2023-06-23 price VHT                                78.99 USD
2023-06-23 price GLD                               229.18 USD
2023-06-30 price VBMPX                             208.10 USD
2023-06-30 price RGAGX                             113.73 USD
2023-06-30 price ITOT                              136.41 USD
2023-06-30 price VEA                                80.41 USD
2023-06-30 price VHT                                81.45 USD
2023-06-30 price GLD                               232.19 USD
2023-07-07 price VBMPX                             209.04 USD
2023-07-07 price RGAGX                             111.83 USD
2023-07-07 price ITOT                              139.14 USD
2023-07-07 price VEA                                81.53 USD
2023-07-07 price VHT                                80.93 USD
2023-07-07 price GLD                               236.16 USD
2023-07-14 price VBMPX                             208.90 USD
2023-07-14 price RGAGX                             111.40 USD
2023-07-14 price ITOT                              139.45 USD
2023-07-14 price VEA                                82.71 USD
2023-07-14 price VHT                                78.77 USD
2023-07-14 price GLD                               233.19 USD
2023-07-21 price VBMPX                             209.60 USD
2023-07-21 price RGAGX                             109.85 USD
2023-07-21 price ITOT                              138.24 USD
2023-07-21 price VEA                                83.19 USD
2023-07-21 price VHT                                77.61 USD
2023-07-21 price GLD                               237.41 USD
2023-07-28 price VBMPX                             209.77 USD
2023-07-28 price RGAGX                             111.94 USD
2023-07-28 price ITOT                              139.66 USD
2023-07-28 price VEA                                83.30 USD
2023-07-28 price VHT                                76.31 USD
2023-07-28 price GLD                               241.87 USD



* Cash

